Timestamp,TradeId,Price,Amount,Type
1500767696,46009360,0.27158,5.06736543,sell
1500767696,46009359,0.27158,7989.75487,sell
1500767673,46009337,0.27158,286.7556495,sell
1500767367,46008872,0.27158,1000,sell
1500767341,46008839,0.27158,29,sell
1500767233,46008639,0.27158,694.4894803,sell
1500767233,46008638,0.272,375,sell
1500767233,46008637,0.272,375,sell
1500767068,46008391,0.273,493.0039779,buy
1500767068,46008390,0.273,286.9960221,buy
1500767015,46008340,0.273,1.00397786,buy
1500766969,46008286,0.273,12,buy
1500766774,46008008,0.2732,1,buy
1500766764,46007999,0.27282,20.90065141,buy
1500766764,46007998,0.2726,1950,buy
1500766752,46007994,0.2726,50,buy
1500766727,46007964,0.2726,28.6319711,buy
1500766719,46007961,0.27259,1266.78247,buy
1500766642,46007897,0.27259,2368.513152,buy
1500766642,46007896,0.27259,1300,buy
1500766423,46007536,0.27259,100,buy
1500766316,46007284,0.27259,100.356225,buy
1500766316,46007283,0.27259,173.210204,buy
1500766258,46007197,0.27259,140.1526835,buy
1500766258,46007196,0.27238,10,buy
1500766225,46007143,0.2723,701.2663496,buy
1500766213,46007114,0.2723,54.91928718,buy
1500766003,46006796,0.27216,5000,buy
1500765965,46006767,0.27031,1907.924243,sell
1500765965,46006766,0.27032,3.33070033,sell
1500765853,46006582,0.26969,3408.242618,sell
1500765853,46006581,0.26969,1905.12027,sell
1500765853,46006580,0.27,50,sell
1500765853,46006579,0.27066,43.21950468,sell
1500765853,46006578,0.27081,69.59800635,sell
1500765853,46006577,0.271,6023.819602,sell
1500765845,46006571,0.271,1449.877398,sell
1500765845,46006570,0.271,547,sell
1500765845,46006569,0.27103,10,sell
1500765845,46006568,0.27201,7.58017238,sell
1500765771,46006275,0.2725,100,buy
1500765768,46006272,0.2725,100,buy
1500765767,46006270,0.2725,100,buy
1500765765,46006266,0.2726,100,buy
1500765761,46006245,0.2726,96.08441,buy
1500765761,46006244,0.27259,3.91559,buy
1500765687,46006123,0.27201,68.19819487,sell
1500765622,46006044,0.27201,3.55936482,sell
1500765617,46006037,0.272,66.13329286,sell
1500765617,46006036,0.27201,3.55936482,sell
1500765519,46005794,0.2732,40,buy
1500765514,46005787,0.2732,20.84520377,buy
1500765474,46005747,0.272,1059.074324,sell
1500765474,46005746,0.27201,10.99667643,sell
1500765467,46005729,0.272,684.9737304,sell
1500765467,46005728,0.27201,7.08198566,sell
1500765450,46005707,0.272,186.2592883,sell
1500765450,46005706,0.27201,7.08198566,sell
1500765193,46005342,0.2732,82,buy
1500765079,46005056,0.2732,0.56,buy
1500765031,46004953,0.2732,500,buy
1500765014,46004935,0.2732,5,buy
1500765002,46004924,0.27288,9.92,buy
1500765002,46004923,0.27271,36.15675895,buy
1500765002,46004922,0.27238,10,buy
1500765002,46004921,0.27082,0.05419691,buy
1500764926,46004744,0.27082,1999.945803,buy
1500764926,46004743,0.27082,0.00000525,buy
1500764879,46004664,0.27082,1908.806061,buy
1500764876,46004656,0.27081,0.000003,sell
1500764826,46004535,0.27082,81.19393368,sell
1500764794,46004454,0.27081,1500,sell
1500764790,46004438,0.27081,145.6634491,sell
1500764790,46004437,0.27086,4.33655093,sell
1500764719,46004184,0.27081,368.7941188,sell
1500764719,46004183,0.27082,81.2058812,sell
1500764719,46004182,0.27082,20,sell
1500764683,46004109,0.27238,10,sell
1500764657,46004060,0.2706,300.1198508,sell
1500764657,46004059,0.27067,9.92,sell
1500764657,46004058,0.271,189.9737745,sell
1500764657,46004057,0.27103,10,sell
1500764657,46004056,0.27227,100.6189231,sell
1500764657,46004055,0.2729,500,sell
1500764657,46004054,0.2729,1889.367452,sell
1500764638,46004026,0.2729,26.44421854,sell
1500764638,46004025,0.2729,273.5557815,sell
1500764597,46003943,0.2732,265.1829389,sell
1500764579,46003917,0.2732,73.226362,sell
1500764574,46003901,0.2732,242.9860221,sell
1500764574,46003900,0.27321,174.2635254,sell
1500764560,46003881,0.2736,8.41611838,buy
1500764544,46003844,0.27321,406.5578889,sell
1500764544,46003843,0.2736,10,sell
1500764527,46003807,0.27321,10.23974,sell
1500764513,46003787,0.27321,115.5591817,buy
1500764484,46003756,0.2729,69.854912,sell
1500764484,46003754,0.2729,156.5893065,sell
1500764484,46003753,0.273,343.4106935,sell
1500764462,46003718,0.2738,51.66158706,buy
1500764462,46003717,0.27374,10,buy
1500764462,46003716,0.2735,1000,buy
1500764462,46003715,0.2734,570.6396349,buy
1500764462,46003714,0.27338,367.698778,buy
1500764462,46003711,0.273,580.0004235,sell
1500764446,46003694,0.2734,429.3603651,buy
1500764446,46003693,0.27322,1000,buy
1500764446,46003692,0.27321,570.6396349,buy
1500764433,46003679,0.27321,2000,buy
1500764431,46003671,0.27321,1889.360365,buy
1500764431,46003670,0.2732,110.6396349,buy
1500764414,46003644,0.27321,540,buy
1500764414,46003643,0.2732,500,buy
1500764414,46003642,0.2732,960,buy
1500764364,46003519,0.2732,40,buy
1500764330,46003474,0.273,500,buy
1500764330,46003473,0.273,500,buy
1500764330,46003472,0.273,76.58888308,buy
1500764271,46003358,0.273,3.41111692,buy
1500764213,46003216,0.273,920,buy
1500764194,46003176,0.27289,494.8105799,sell
1500764194,46003175,0.2729,500,sell
1500764194,46003174,0.27295,78.84524612,sell
1500764194,46003173,0.27295,596.0905705,sell
1500764163,46003106,0.27295,115.6853,sell
1500764153,46003096,0.2729,500,buy
1500764153,46003095,0.2729,500,buy
1500764153,46003094,0.2729,979.2241295,buy
1500764087,46002981,0.27289,285.0862454,sell
1500764087,46002978,0.27289,279.4418153,sell
1500764085,46002977,0.27289,109,buy
1500764057,46002924,0.27289,0.00490376,sell
1500764057,46002923,0.27289,49.99509624,sell
1500764006,46002836,0.27289,50,buy
1500764001,46002834,0.27289,7.88363303,buy
1500764000,46002830,0.27289,10,buy
1500763804,46002332,0.2729,20.77587054,buy
1500763654,46002044,0.27068,3000,sell
1500763614,46001955,0.2729,162.8691178,buy
1500763610,46001954,0.2706,200,sell
1500763472,46001620,0.27322,26.947,buy
1500763472,46001619,0.273,260,buy
1500763472,46001618,0.27238,10,buy
1500763472,46001617,0.272,190,buy
1500763463,46001601,0.272,10,buy
1500763172,46001067,0.27,1669.746397,sell
1500763172,46001066,0.27,450,sell
1500763172,46001065,0.27,2015,sell
1500763172,46001064,0.27,649.2827601,sell
1500763172,46001063,0.27103,17.33546068,sell
1500763172,46001062,0.27103,10,sell
1500763172,46001061,0.2723,1000,sell
1500763172,46001060,0.27238,10,sell
1500763097,46000902,0.2705,1000,sell
1500763065,46000856,0.2703,4710.5,sell
1500763043,46000814,0.27014,212.1280028,sell
1500763043,46000813,0.2702,500,sell
1500763043,46000812,0.2702,33.80708581,sell
1500763043,46000811,0.27021,244.4,sell
1500763043,46000810,0.27022,10.79312633,sell
1500763043,46000809,0.2735,1123.871785,sell
1500763042,46000808,0.2736,100,buy
1500763039,46000799,0.2735,997.001995,sell
1500762995,46000665,0.27359,244.4,buy
1500762881,46000347,0.27359,1000,buy
1500762873,46000312,0.27374,10,buy
1500762873,46000311,0.27238,10,buy
1500762873,46000310,0.272,900.183577,buy
1500762746,45999833,0.27014,717.1754101,sell
1500762699,45999578,0.27103,7.25,sell
1500762699,45999577,0.27103,0.3,sell
1500762603,45999256,0.27103,8.8069835,sell
1500762603,45999255,0.27103,10,sell
1500762471,45998976,0.27005,4892.061204,sell
1500762471,45998975,0.2713,7.93879559,sell
1500762471,45998974,0.2713,100,sell
1500762462,45998949,0.2734,650,buy
1500762452,45998922,0.2734,152.7739429,buy
1500762278,45998133,0.2735,0.04248009,buy
1500762278,45998132,0.27238,10,buy
1500762101,45997433,0.27,350.7172399,sell
1500762101,45997432,0.27,612.5749693,sell
1500762101,45997431,0.27005,5000,sell
1500762101,45997430,0.27006,30.7077908,sell
1500762028,45997231,0.27,3387.425031,sell
1500762028,45997230,0.27,717.1754101,sell
1500762028,45997229,0.27,2520,sell
1500762028,45997228,0.2701,2125,sell
1500762028,45997227,0.2701,2000,sell
1500762028,45997226,0.271,500,sell
1500762028,45997225,0.27103,30.65613085,sell
1500762028,45997224,0.27103,10,sell
1500762028,45997223,0.2725,500,sell
1500762028,45997222,0.2725,209.7434283,sell
1500761983,45997117,0.273,287,buy
1500761950,45997078,0.2725,290.2565717,sell
1500761950,45997073,0.273,10,buy
1500761950,45997072,0.273,41.14023738,buy
1500761915,45996983,0.273,103.9536039,buy
1500761915,45996982,0.2729,4896.046396,buy
1500761907,45996940,0.2729,3,buy
1500761888,45996889,0.2729,100,buy
1500761864,45996803,0.2729,0.95360388,buy
1500761696,45996492,0.2729,462.5049141,buy
1500761692,45996488,0.273,854.9061587,sell
1500761691,45996487,0.2736,1102.524478,buy
1500761663,45996395,0.2727,134.0797201,buy
1500761663,45996394,0.2727,676.5081187,buy
1500761663,45996393,0.2727,1021.927503,buy
1500761663,45996392,0.2727,1205.738499,buy
1500761663,45996391,0.2724,55,buy
1500761663,45996390,0.27238,10,buy
1500761663,45996389,0.27227,1041.84,buy
1500761575,45996263,0.2724,8,buy
1500761526,45996217,0.2724,1000,buy
1500761502,45996190,0.2725,211.8156118,buy
1500761502,45996189,0.27147,788.1843882,buy
1500761486,45996167,0.27147,211.8156118,buy
1500761481,45996162,0.27,1281.881485,sell
1500761477,45996155,0.27,649.5215146,sell
1500761477,45996154,0.27,68.96126983,sell
1500761471,45996142,0.27,10,sell
1500761460,45996137,0.27047,10,sell
1500761459,45996131,0.27047,45.38388504,sell
1500761459,45996130,0.27047,1945.384,sell
1500761459,45996129,0.27047,4155.60286,sell
1500761444,45996108,0.2725,0.1,buy
1500761417,45996079,0.27047,200,sell
1500761398,45996058,0.27047,546,sell
1500761396,45996057,0.27103,12.64141228,sell
1500761396,45996056,0.27103,10,sell
1500761350,45995973,0.2724,4998.01,sell
1500761306,45995892,0.2727,41,buy
1500761296,45995878,0.2727,29.11686,buy
1500761291,45995873,0.2727,250,buy
1500761281,45995859,0.2727,305,buy
1500761278,45995851,0.2724,1.99,sell
1500761202,45995680,0.2727,640.0030044,buy
1500761193,45995640,0.2727,24.11686,buy
1500761193,45995639,0.2725,5,buy
1500761181,45995605,0.27249,1264.11686,buy
1500761119,45995451,0.2724,4736,buy
1500761113,45995413,0.2724,2070,buy
1500761025,45995107,0.272,33.22647,sell
1500761019,45995093,0.2724,21.67682444,buy
1500761012,45995078,0.2724,56.40453014,buy
1500761012,45995077,0.27239,143.9066056,buy
1500761005,45995069,0.2724,9.11686,buy
1500761000,45995061,0.27238,10,buy
1500761000,45995060,0.2723,3.17044999,buy
1500760992,45995026,0.2723,92.1118979,buy
1500760992,45995025,0.272,317.8881021,buy
1500760990,45995022,0.272,901.686,buy
1500760989,45995004,0.272,50.3258979,buy
1500760989,45995003,0.27199,149.6741021,buy
1500760842,45994572,0.272,3730.1,buy
1500760842,45994571,0.272,269.9,buy
1500760660,45994165,0.272,100,buy
1500760653,45994159,0.26997,3478.161862,sell
1500760653,45994158,0.26997,2.05635272,sell
1500760653,45994157,0.26997,419.7817849,sell
1500760575,45993967,0.2719,100,buy
1500760540,45993913,0.26997,22.36484007,sell
1500760538,45993910,0.26997,2000,sell
1500760433,45993594,0.26997,2124,sell
1500760335,45993328,0.27011,600,sell
1500760328,45993316,0.27012,908.599321,sell
1500760292,45993210,0.27014,685.000556,sell
1500760290,45993200,0.27014,25.601971,sell
1500760269,45993143,0.27012,91.40067899,sell
1500760217,45992952,0.2723,9.28525831,buy
1500760205,45992918,0.2723,1895.432394,buy
1500760205,45992917,0.27222,106,buy
1500760205,45992916,0.272,1197.852248,buy
1500760205,45992915,0.27199,800.7153582,buy
1500760167,45992827,0.27199,24.51308362,buy
1500760138,45992772,0.27199,20.640025,buy
1500760130,45992727,0.272,17.25669286,buy
1500760128,45992712,0.272,50,buy
1500760128,45992710,0.272,370.9426751,buy
1500760128,45992709,0.272,300,buy
1500760128,45992708,0.272,500,buy
1500760128,45992707,0.2719,10,buy
1500760128,45992706,0.2719,2000,buy
1500760128,45992705,0.2718,9,buy
1500760128,45992704,0.2718,60.992,buy
1500760128,45992703,0.2717,6,buy
1500760128,45992702,0.2717,15,buy
1500760128,45992701,0.27165,204.0096492,buy
1500760128,45992700,0.2715,253.5710709,buy
1500760128,45992699,0.2715,7,buy
1500760128,45992698,0.2715,50,buy
1500760128,45992697,0.2715,2000,buy
1500760128,45992696,0.2715,14,buy
1500760128,45992695,0.2715,1936.360933,buy
1500760128,45992694,0.271,1000,buy
1500760061,45992336,0.2715,63.63906705,buy
1500760061,45992335,0.2713,13,buy
1500760061,45992334,0.27121,23.36093295,buy
1500760054,45992297,0.27121,671.0490671,buy
1500760054,45992296,0.2712,5,buy
1500760054,45992295,0.2712,362.466933,buy
1500760051,45992283,0.26997,4000,sell
1500760034,45992222,0.2712,17.15306705,buy
1500760034,45992221,0.2711,4,buy
1500760034,45992220,0.27103,10,buy
1500760034,45992219,0.271,3,buy
1500760034,45992218,0.271,13,buy
1500760034,45992217,0.271,152.846933,buy
1500760016,45992137,0.271,1754.303067,buy
1500760016,45992136,0.271,245.696933,buy
1500760013,45992112,0.271,54.30306705,buy
1500760013,45992111,0.2706,2,buy
1500760013,45992110,0.2706,12,buy
1500760013,45992109,0.2706,60.992,buy
1500760006,45992082,0.2705,1,buy
1500760006,45992081,0.2705,12,buy
1500760006,45992080,0.27045,54.852,buy
1500760006,45992079,0.27017,11.44306705,buy
1500760006,45992078,0.27,50,buy
1500760001,45992061,0.27,5,buy
1500760001,45992060,0.27,20,buy
1500760001,45992059,0.27,100,buy
1500760001,45992058,0.27,11936.95235,buy
1500759998,45992051,0.26997,10004.07379,sell
1500759998,45992050,0.26997,3796.266067,sell
1500759992,45992017,0.27,2500,buy
1500759965,45991878,0.27,81.01060503,buy
1500759956,45991829,0.27,100,buy
1500759946,45991779,0.27,3900,buy
1500759946,45991778,0.27,846.7137027,buy
1500759939,45991742,0.27,846.7137027,buy
1500759933,45991707,0.27,4500,buy
1500759932,45991701,0.27,846.7137027,buy
1500759930,45991687,0.27,2848,buy
1500759925,45991637,0.27,846.7137027,buy
1500759919,45991600,0.27,719.7783855,buy
1500759918,45991596,0.27,846.7137027,buy
1500759904,45991475,0.27,846.7137027,buy
1500759902,45991466,0.27,208.97644,buy
1500759895,45991433,0.27,846.7137027,buy
1500759883,45991358,0.27,5140,buy
1500759883,45991357,0.26999,1860,buy
1500759881,45991346,0.26999,140,buy
1500759881,45991345,0.26999,69.02802985,buy
1500759874,45991306,0.26997,178.1677617,buy
1500759874,45991305,0.26996,4326.269068,buy
1500759874,45991304,0.26995,895.2233177,buy
1500759854,45991195,0.26936,1079.22665,sell
1500759842,45991116,0.26936,1849.79125,sell
1500759842,45991115,0.26937,334.7160524,sell
1500759842,45991114,0.26937,261.5126979,sell
1500759842,45991113,0.26937,50,sell
1500759842,45991112,0.2698,3.98,sell
1500759817,45990937,0.26997,121.8322383,buy
1500759808,45990856,0.26997,99.64,buy
1500759807,45990850,0.26995,262.6386996,buy
1500759791,45990712,0.26999,10.0415486,buy
1500759741,45990460,0.26997,56.90138206,buy
1500759741,45990459,0.26997,46.17291986,buy
1500759684,45990264,0.26999,334.7160524,buy
1500759678,45990213,0.26999,261.5126979,buy
1500759678,45990212,0.2698,238.4873021,buy
1500759663,45990142,0.2698,79.14872718,sell
1500759645,45990049,0.26999,5,buy
1500759641,45990028,0.26999,5,buy
1500759639,45990008,0.27,5,buy
1500759636,45989994,0.26999,5,buy
1500759568,45989497,0.26997,50,buy
1500759562,45989433,0.27,390.8403675,buy
1500759562,45989432,0.26937,0.00472499,buy
1500759561,45989422,0.26937,399.9952802,buy
1500759560,45989417,0.26937,49.99999477,sell
1500759555,45989354,0.26998,10,buy
1500759543,45989321,0.26999,49.99999477,buy
1500759543,45989320,0.2695,0.00000523,buy
1500759539,45989303,0.2695,79.31908409,buy
1500759522,45989220,0.2699,1000,buy
1500759500,45989144,0.26936,1.99001301,sell
1500759500,45989143,0.2698,10.00998699,sell
1500759487,45989112,0.2698,721.6123923,buy
1500759487,45989111,0.2697,794.8996743,buy
1500759487,45989109,0.2697,10.00998699,buy
1500759483,45989090,0.2697,3000,buy
1500759470,45989041,0.26936,50,sell
1500759453,45988966,0.2697,49.81963413,buy
1500759453,45988965,0.2696,104.0733489,buy
1500759436,45988878,0.26936,2168.691215,buy
1500759436,45988877,0.2693,1928.890424,buy
1500759410,45988762,0.2693,168.6912148,buy
1500759336,45988299,0.269,50,sell
1500759336,45988298,0.26949,851.4261388,buy
1500759336,45988294,0.26949,814.5730142,buy
1500759336,45988293,0.26949,856.4192079,buy
1500759322,45988147,0.2691,12,sell
1500759188,45987490,0.2695,10.00552805,buy
1500759162,45987433,0.2697,6.9807046,buy
1500759162,45987432,0.26968,10,buy
1500759162,45987431,0.2691,72.05015342,buy
1500759162,45987430,0.269,30.96914198,buy
1500759124,45987354,0.269,0.03085802,buy
1500759124,45987353,0.26834,10,buy
1500759096,45987279,0.26654,1566.272456,sell
1500759096,45987278,0.26654,2168.691215,sell
1500759096,45987277,0.26655,24.2648021,sell
1500759096,45987276,0.26656,5.6615267,sell
1500759096,45987275,0.2666,3500,sell
1500759003,45987098,0.26655,10,sell
1500758963,45987042,0.26602,10,sell
1500758852,45986838,0.26602,497.9405408,sell
1500758852,45986837,0.26602,235.4650492,sell
1500758852,45986836,0.26603,266.59441,sell
1500758836,45986817,0.266,1000,sell
1500758797,45986773,0.2651,17654.41614,sell
1500758797,45986772,0.26566,10,sell
1500758797,45986771,0.266,32,sell
1500758797,45986770,0.2665,5896.669245,sell
1500758797,45986769,0.267,10,sell
1500758797,45986768,0.26714,721.6123923,sell
1500758797,45986767,0.26737,3000,sell
1500758797,45986766,0.26797,3000,sell
1500758797,45986765,0.26833,3000,sell
1500758797,45986764,0.26834,10.88902915,sell
1500758797,45986763,0.26876,3000,sell
1500758797,45986762,0.26877,506,sell
1500758797,45986761,0.26993,2771.413193,sell
1500758762,45986710,0.26993,4500,sell
1500758744,45986693,0.26993,208.5959947,sell
1500758739,45986683,0.26988,13.99081224,buy
1500758739,45986682,0.26968,10,buy
1500758518,45986495,0.2699,4500,buy
1500758498,45986477,0.26672,5,sell
1500758490,45986474,0.26999,1,buy
1500758487,45986472,0.26999,5,buy
1500758470,45986447,0.26979,715.1661985,buy
1500758412,45986400,0.2698,8.8691269,buy
1500758411,45986399,0.2698,10,buy
1500758410,45986398,0.26989,10,buy
1500758399,45986386,0.26919,500,buy
1500758387,45986381,0.2695,1000,buy
1500758386,45986380,0.2696,1000,buy
1500758373,45986369,0.2665,2303.330755,sell
1500758373,45986368,0.267,10,sell
1500758373,45986367,0.2673,12.45,sell
1500758373,45986366,0.26741,5992.968392,sell
1500758373,45986365,0.26821,1373.7,sell
1500758373,45986364,0.26822,26.55085259,sell
1500758373,45986363,0.2691,2124,sell
1500758373,45986362,0.2699,157,sell
1500758350,45986331,0.27,53,buy
1500758350,45986330,0.27,6947,buy
1500758334,45986315,0.2699,7280.5,buy
1500758311,45986268,0.2699,17,buy
1500758293,45986251,0.27,6989,buy
1500758293,45986250,0.27,11,buy
1500758293,45986249,0.27,1000,buy
1500758293,45986248,0.27,12000,buy
1500758223,45986162,0.26968,10,buy
1500758188,45986110,0.26721,2007.031608,sell
1500758188,45986109,0.26722,31.87940015,sell
1500758188,45986108,0.26818,81.088992,sell
1500758136,45986035,0.2699,1000,buy
1500758136,45986034,0.2699,10,buy
1500758136,45986033,0.2699,1,buy
1500758136,45986032,0.2699,23558.61271,buy
1500758136,45986031,0.26989,2821.717796,buy
1500757980,45985840,0.2699,6441.387285,buy
1500757980,45985839,0.26989,5178.282204,buy
1500757980,45985838,0.2697,10,buy
1500757980,45985837,0.26968,10,buy
1500757979,45985836,0.2695,7098,buy
1500757979,45985835,0.2695,999.490201,buy
1500757979,45985834,0.2695,10,buy
1500757979,45985833,0.26945,575,buy
1500757973,45985826,0.2694,7601.9,buy
1500757944,45985771,0.269,4550,sell
1500757906,45985734,0.2694,2969.8,buy
1500757906,45985733,0.2693,4692,buy
1500757884,45985690,0.269,910.4817789,sell
1500757883,45985683,0.269,97.55770439,buy
1500757883,45985682,0.269,40.942504,buy
1500757883,45985681,0.269,10,buy
1500757883,45985680,0.2689,4.846877,buy
1500757883,45985679,0.2689,500,buy
1500757883,45985678,0.2687,100.7017324,buy
1500757883,45985677,0.2687,2143.738218,buy
1500757883,45985676,0.26869,199.8637592,buy
1500757875,45985665,0.26869,478.4184451,buy
1500757830,45985632,0.2686,36.952,buy
1500757830,45985631,0.2684,83.6295549,buy
1500757824,45985625,0.2684,36,buy
1500757795,45985588,0.26834,10,buy
1500757795,45985587,0.2682,313,buy
1500757777,45985569,0.2682,10,buy
1500757769,45985562,0.2682,10,buy
1500757760,45985550,0.26802,3500,sell
1500757747,45985535,0.2682,100,buy
1500757718,45985509,0.268,2538.99,buy
1500757718,45985508,0.268,2500,buy
1500757718,45985507,0.268,8166.82,buy
1500757718,45985506,0.26747,46.28128451,buy
1500757718,45985505,0.2672,2667.787017,buy
1500757718,45985504,0.2671,3237.514,buy
1500757718,45985503,0.267,149.4795,buy
1500757718,45985502,0.266,8695.189895,buy
1500757713,45985495,0.26503,4974.051431,sell
1500757713,45985494,0.26566,10,sell
1500757713,45985493,0.2657,15.94856857,sell
1500757688,45985472,0.26631,23.85510517,sell
1500757688,45985471,0.26631,217.255,sell
1500757688,45985470,0.2665,7063.7,sell
1500757453,45985167,0.267,0.5205,buy
1500757453,45985166,0.267,0.0795,buy
1500757328,45985086,0.267,0.3,buy
1500757289,45985073,0.267,376,buy
1500757187,45984981,0.26585,485.38697,buy
1500757174,45984961,0.267,175,buy
1500757155,45984946,0.2658,0.1,sell
1500757112,45984903,0.2671,4103.495559,buy
1500757112,45984902,0.26707,226.1547303,buy
1500756965,45984659,0.2671,2454.916677,buy
1500756964,45984644,0.2672,2458.771335,buy
1500756964,45984643,0.267,10,buy
1500756964,45984642,0.266,104.3909885,buy
1500756964,45984641,0.26599,217.255,buy
1500756754,45984422,0.2655,3433.597574,buy
1500756720,45984411,0.266,1001.508523,buy
1500756714,45984406,0.266,227.100489,buy
1500756682,45984382,0.265,0.05787191,buy
1500756676,45984375,0.2649,100,sell
1500756609,45984281,0.265,1074.789114,buy
1500756608,45984278,0.265,124.010463,sell
1500756608,45984277,0.265,134.1425515,sell
1500756607,45984267,0.265,3326.150529,buy
1500756607,45984266,0.265,124.0941572,buy
1500756607,45984264,0.265,10.04840028,buy
1500756606,45984252,0.265,277.7820513,buy
1500756605,45984249,0.265,20,sell
1500756605,45984248,0.265,1241.924863,sell
1500756605,45984246,0.265,383.1227129,sell
1500756605,45984245,0.265,949.8772871,sell
1500756594,45984231,0.265,1333,sell
1500756544,45984139,0.266,500,buy
1500756529,45984113,0.265,1333,sell
1500756510,45984071,0.266,2120,buy
1500756509,45984070,0.26501,3306.989245,sell
1500756509,45984069,0.26501,1486.332,sell
1500756509,45984068,0.26501,206.6787549,sell
1500756486,45984043,0.266,24.130404,buy
1500756481,45984040,0.266,1834,sell
1500756480,45984038,0.266,333,sell
1500756477,45984036,0.266,333,sell
1500756467,45984030,0.26601,3560.103128,sell
1500756460,45984019,0.26601,72.66367412,sell
1500756460,45984018,0.26602,260.3363259,sell
1500756457,45984012,0.26602,4773.574579,buy
1500756454,45984011,0.26601,333,sell
1500756448,45984005,0.26602,210,buy
1500756446,45984001,0.26602,16.42542144,sell
1500756408,45983969,0.2669,2059.429697,buy
1500756408,45983968,0.26601,3965.766802,buy
1500756404,45983952,0.26601,334.450557,buy
1500756403,45983946,0.26601,666.9920888,buy
1500756402,45983943,0.26601,32.79055256,sell
1500756363,45983912,0.2661,1000,sell
1500756355,45983901,0.2658,275.694259,buy
1500756355,45983899,0.2658,80,buy
1500756354,45983897,0.2658,34.30574056,sell
1500756354,45983896,0.267,610,sell
1500756346,45983883,0.2657,1000,sell
1500756338,45983876,0.2671,51.0265818,buy
1500756324,45983856,0.2656,966.6316047,sell
1500756324,45983855,0.26561,33.36839528,sell
1500756314,45983847,0.267,103.9442959,buy
1500756293,45983803,0.2671,148.667252,buy
1500756234,45983720,0.2671,204.0854511,buy
1500756234,45983719,0.267,1,buy
1500756234,45983718,0.267,1,buy
1500756232,45983712,0.2651,215.5745886,sell
1500756232,45983711,0.26566,678.0713209,sell
1500756232,45983710,0.26566,10,sell
1500756232,45983709,0.2664,104.0733489,sell
1500756232,45983708,0.26641,1006.155,sell
1500756232,45983707,0.26692,38.89727276,sell
1500756232,45983706,0.26692,23.2284689,sell
1500756232,45983705,0.267,7,sell
1500756231,45983704,0.267,1,sell
1500756229,45983702,0.267,1,sell
1500756225,45983700,0.267,1,sell
1500756173,45983653,0.2671,4445.234708,buy
1500756162,45983643,0.2671,89.53347809,buy
1500756121,45983588,0.2671,89.48315986,buy
1500756119,45983584,0.2671,77.32908819,buy
1500756119,45983581,0.2671,84.06976038,buy
1500756096,45983560,0.2672,52.58989201,buy
1500756095,45983558,0.2672,1909.742964,sell
1500756077,45983538,0.2672,333,sell
1500756071,45983533,0.2672,333,sell
1500756048,45983512,0.26712,330.3855032,sell
1500756048,45983511,0.26713,1.90593309,sell
1500756048,45983510,0.2681,0.70856376,sell
1500755822,45983228,0.2665,100,sell
1500755809,45983218,0.26605,100,sell
1500755803,45983209,0.2686,2725.402662,buy
1500755796,45983187,0.26603,100,sell
1500755784,45983173,0.26848,381.4582725,buy
1500755784,45983172,0.2678,333,buy
1500755741,45983110,0.2686,14734.81179,buy
1500755741,45983109,0.2686,60,buy
1500755741,45983108,0.26859,4219.5364,buy
1500755741,45983107,0.26858,3780.4636,buy
1500755741,45983106,0.2685,3098.587371,buy
1500755741,45983105,0.26849,1587.759592,buy
1500755741,45983104,0.2684,50,buy
1500755741,45983103,0.26834,10,buy
1500755741,45983102,0.268,1798.2,buy
1500755741,45983101,0.268,100,buy
1500755741,45983100,0.268,100,buy
1500755741,45983099,0.26799,1607.535397,buy
1500755741,45983098,0.2678,5849.300153,buy
1500755741,45983097,0.2669,3,buy
1500755741,45983096,0.2669,0.80569502,buy
1500755695,45983035,0.2669,2.19430498,sell
1500755687,45983029,0.2669,3,sell
1500755669,45983002,0.2669,11,sell
1500755662,45982998,0.2669,11,sell
1500755490,45982767,0.2671,140,buy
1500755407,45982721,0.2676,0.1649,buy
1500755301,45982628,0.265,1722.122713,sell
1500755301,45982627,0.26583,37.85902017,sell
1500755301,45982626,0.26584,39.98581207,sell
1500755160,45982441,0.267,430.8884633,buy
1500755096,45982342,0.267,10,sell
1500754915,45982061,0.266,1771.663386,sell
1500754906,45982055,0.266,14.50931404,sell
1500754904,45982054,0.26555,14.50931404,buy
1500754897,45982040,0.26555,212.0496439,sell
1500754897,45982039,0.26555,197.5357041,sell
1500754891,45982036,0.26555,14.50931404,sell
1500754887,45982027,0.26555,0.00462576,buy
1500754887,45982026,0.26555,212.0450181,buy
1500754883,45982020,0.26555,212.0496439,sell
1500754878,45982012,0.26556,95.44567532,sell
1500754873,45982007,0.26566,17.26362957,sell
1500754873,45982006,0.26566,10,sell
1500754868,45982003,0.26567,0.1,sell
1500754866,45981999,0.2669,187,buy
1500754785,45981931,0.2669,1000,buy
1500754745,45981909,0.2669,997.5098116,buy
1500754734,45981908,0.2672,75,sell
1500754692,45981870,0.2677,104.7172641,buy
1500754692,45981869,0.26769,80.25994404,buy
1500754552,45981539,0.2676,190,buy
1500754505,45981480,0.2673,1200,buy
1500754499,45981468,0.2678,296.3669228,buy
1500754499,45981467,0.2678,103.6330773,buy
1500754491,45981456,0.2674,7,buy
1500754487,45981450,0.2674,661.9101516,buy
1500754487,45981449,0.26739,188.0898484,buy
1500754415,45981400,0.2673,85.51197939,buy
1500754415,45981399,0.2673,664.4880206,buy
1500754411,45981391,0.26737,1911.254944,sell
1500754400,45981384,0.2674,1547.78,buy
1500754388,45981364,0.2675,0.8188,buy
1500754334,45981286,0.2676,1,buy
1500754179,45981157,0.2678,982.2129238,buy
1500754178,45981151,0.267,10,buy
1500754178,45981150,0.26698,0.97651227,buy
1500754170,45981142,0.266,0.00000586,buy
1500754170,45981141,0.26586,1.05,buy
1500753952,45980828,0.266,351.5032873,buy
1500753858,45980726,0.266,21,buy
1500753858,45980725,0.26566,9,buy
1500753848,45980718,0.26565,220.1540711,buy
1500753825,45980705,0.26565,204.1368832,buy
1500753807,45980680,0.26566,1,buy
1500753667,45980467,0.2647,345,sell
1500753654,45980455,0.266,200,buy
1500753621,45980410,0.266,210,buy
1500753574,45980372,0.266,500,buy
1500753573,45980369,0.266,1217.496707,buy
1500753573,45980368,0.2659,30.36627515,buy
1500753572,45980364,0.26525,31.34751032,buy
1500753572,45980363,0.26525,1968.65249,buy
1500753557,45980342,0.2631,268.3954401,sell
1500753557,45980341,0.2634,3244.932154,sell
1500753557,45980340,0.2639,1050,sell
1500753557,45980339,0.264,2211.794,sell
1500753557,45980338,0.26434,10,sell
1500753557,45980337,0.26542,149.0874704,sell
1500753557,45980336,0.26542,7551.467,sell
1500753557,45980335,0.26542,572.323935,sell
1500753554,45980334,0.26542,100,sell
1500753553,45980333,0.26542,100,sell
1500753548,45980327,0.26542,726.676065,sell
1500753536,45980315,0.26541,10,sell
1500753499,45980291,0.26566,100,buy
1500753368,45980123,0.26525,1,sell
1500753357,45980118,0.26566,1.01,buy
1500753338,45980101,0.26566,3,buy
1500753327,45980095,0.26566,1500,buy
1500753288,45980055,0.2652,1375.518924,sell
1500753288,45980054,0.2652,124.4810759,sell
1500753190,45979939,0.26605,3,buy
1500753128,45979843,0.26598,1500,buy
1500753080,45979799,0.265,726.6760648,sell
1500753025,45979701,0.2659,1335.655,buy
1500753025,45979700,0.26589,769.345,buy
1500752981,45979666,0.26589,2842.37,buy
1500752907,45979592,0.2635,851.5066586,sell
1500752907,45979591,0.26501,148.4933414,sell
1500752808,45979503,0.26566,10,buy
1500752739,45979457,0.26642,974,buy
1500752711,45979432,0.26666,200,buy
1500752699,45979425,0.26675,0.73978232,buy
1500752696,45979420,0.26452,1807.59474,sell
1500752654,45979397,0.26701,4388.285,buy
1500752654,45979396,0.266,549.78,buy
1500752654,45979395,0.2659,64.935,buy
1500752650,45979394,0.26452,150.8169752,sell
1500752593,45979366,0.2634,2755.067846,sell
1500752593,45979365,0.2635,11154,sell
1500752593,45979364,0.2635,7000,sell
1500752593,45979363,0.2635,10000,sell
1500752593,45979362,0.2637,4.846877,sell
1500752593,45979361,0.26387,2083,sell
1500752593,45979360,0.264,1000,sell
1500752593,45979359,0.264,70,sell
1500752593,45979358,0.2641,19326.837,sell
1500752593,45979357,0.26411,4346.084175,sell
1500752593,45979356,0.2642,2.1,sell
1500752593,45979355,0.2642,1240.632365,sell
1500752593,45979354,0.2642,135.097883,sell
1500752593,45979353,0.2646,6275.94,sell
1500752593,45979352,0.26461,635.839,sell
1500752593,45979351,0.26462,685.124,sell
1500752593,45979350,0.26463,128.4514092,sell
1500752565,45979319,0.2646,10,sell
1500752560,45979312,0.2647,128.3784872,sell
1500752560,45979311,0.2647,613.519,sell
1500752510,45979253,0.2642,864.902117,sell
1500752510,45979252,0.26434,10,sell
1500752510,45979251,0.26472,8.81266754,sell
1500752510,45979250,0.26491,114.2852154,sell
1500752441,45979137,0.265,97.55770439,sell
1500752429,45979127,0.26566,10,sell
1500752414,45979091,0.26567,65,sell
1500752308,45978949,0.26789,1,buy
1500752300,45978927,0.268,607.1666893,buy
1500752300,45978926,0.26799,64.935,buy
1500752300,45978925,0.26753,60.16704057,buy
1500752134,45978793,0.2651,4312,sell
1500752119,45978778,0.26563,116.3170634,sell
1500751992,45978673,0.2663,259.3676351,sell
1500751992,45978672,0.26642,110.0108149,sell
1500751992,45978671,0.26642,65,sell
1500751928,45978617,0.268,1,buy
1500751928,45978616,0.267,10,buy
1500751897,45978581,0.26602,10,sell
1500751880,45978572,0.26596,1013.772,sell
1500751862,45978563,0.26792,100.7017324,buy
1500751739,45978437,0.268,2,buy
1500751681,45978386,0.2635,2620.98634,sell
1500751681,45978385,0.2635,40.942504,sell
1500751681,45978384,0.2635,259.9641234,sell
1500751681,45978383,0.2636,3500,sell
1500751681,45978382,0.264,726.6760648,sell
1500751681,45978381,0.264,509.799,sell
1500751681,45978380,0.26401,1800,sell
1500751681,45978379,0.2641,3000,sell
1500751681,45978378,0.26421,2418.32334,sell
1500751681,45978377,0.2643,14968.5,sell
1500751681,45978376,0.26434,10,sell
1500751681,45978375,0.26435,3745.617557,sell
1500751681,45978374,0.26462,2145.884102,sell
1500751681,45978373,0.26475,1560.67842,sell
1500751681,45978372,0.26475,575,sell
1500751681,45978371,0.26476,2710.4074,sell
1500751681,45978370,0.265,1600.144541,sell
1500751681,45978369,0.265,9,sell
1500751681,45978368,0.26504,0.5,sell
1500751681,45978367,0.26566,10,sell
1500751681,45978366,0.2657,10000,sell
1500751681,45978365,0.26589,3000,sell
1500751681,45978364,0.26601,380,sell
1500751681,45978363,0.2666,3000,sell
1500751681,45978362,0.26689,71.67730725,sell
1500751681,45978361,0.267,10,sell
1500751681,45978360,0.26716,3000,sell
1500751681,45978359,0.26802,488.3793321,sell
1500751564,45978309,0.26802,1000,sell
1500751564,45978307,0.26802,109.78,sell
1500751496,45978274,0.26802,780.33921,sell
1500751475,45978258,0.26802,10,sell
1500751467,45978248,0.26802,10,sell
1500751370,45978199,0.269,5000,sell
1500751370,45978198,0.26901,1000,sell
1500751351,45978187,0.26949,1000,buy
1500751303,45978146,0.2694,8.42557821,buy
1500751227,45978096,0.26802,601.5014579,sell
1500751227,45978095,0.26834,10,sell
1500751227,45978094,0.2689,85.64924046,sell
1500751227,45978093,0.2689,221.8493017,sell
1500751149,45978037,0.2689,1919,sell
1500750962,45977885,0.2689,561.6852832,sell
1500750961,45977882,0.2693,780.33921,buy
1500750959,45977879,0.2689,223.1262057,sell
1500750953,45977875,0.2689,901.84311,sell
1500750883,45977829,0.26951,6661.19189,buy
1500750880,45977824,0.2695,576.6316181,sell
1500750879,45977823,0.2695,8001.553627,sell
1500750879,45977822,0.26951,1998.446373,sell
1500750873,45977813,0.26951,5310.846842,sell
1500750871,45977807,0.2695,8804.1,buy
1500750871,45977806,0.26949,1998.390877,buy
1500750785,45977751,0.26891,670.706785,sell
1500750752,45977726,0.26891,10,sell
1500750752,45977725,0.26891,10,sell
1500750745,45977717,0.2698,3901.412629,buy
1500750745,45977716,0.2698,10,buy
1500750745,45977715,0.26979,8000,buy
1500750745,45977714,0.26968,10,buy
1500750745,45977713,0.2694,600,buy
1500750745,45977712,0.2694,199.7736051,buy
1500750740,45977709,0.2694,365.2263949,buy
1500750740,45977708,0.269,1578.914615,buy
1500750739,45977707,0.2689,2381,sell
1500750733,45977702,0.2684,100,buy
1500750733,45977701,0.2683,8691.496099,buy
1500750726,45977696,0.2683,183.9039006,buy
1500750713,45977682,0.2683,500,buy
1500750692,45977664,0.2683,8257.396656,buy
1500750692,45977663,0.26829,379.9082337,buy
1500750602,45977579,0.26809,717.5282198,sell
1500750576,45977562,0.26561,379.9082337,sell
1500750576,45977561,0.2657,7108.178,sell
1500750576,45977560,0.2658,5233.1,sell
1500750544,45977497,0.26421,2271.67666,sell
1500750544,45977496,0.2643,2381,sell
1500750544,45977495,0.26434,10,sell
1500750544,45977494,0.26475,565,sell
1500750544,45977493,0.265,1580.49511,sell
1500750544,45977492,0.2655,5550.775621,sell
1500750544,45977491,0.26556,997.7889,sell
1500750544,45977490,0.26559,535.0081532,sell
1500750544,45977489,0.26566,10,sell
1500750544,45977488,0.2661,160.05,sell
1500750544,45977487,0.26611,29.27623281,sell
1500750418,45977373,0.2689,956.5087592,buy
1500750418,45977372,0.26834,10,buy
1500750418,45977371,0.26825,20,buy
1500750418,45977370,0.26729,13.49124081,buy
1500750414,45977362,0.267,256.390378,buy
1500750402,45977351,0.267,658,buy
1500750241,45977187,0.267,2641.725159,buy
1500750186,45977101,0.2666,28.77039645,buy
1500750186,45977100,0.2666,0.24944819,buy
1500750179,45977094,0.26567,66.01,sell
1500750151,45977054,0.266,398.9818418,buy
1500750150,45977050,0.266,601.0181582,buy
1500750121,45977011,0.26696,156.25553,buy
1500750113,45976994,0.267,10,sell
1500750086,45976957,0.26719,315.4181,buy
1500750059,45976914,0.26769,2619.9554,buy
1500750026,45976872,0.26838,997.7889,buy
1500750020,45976800,0.2656,0.24969789,sell
1500750009,45976783,0.2655,311,sell
1500750004,45976776,0.2655,3017.11,sell
1500750004,45976775,0.26551,20,sell
1500750004,45976774,0.26557,6962.89,sell
1500749994,45976745,0.26557,16.74,sell
1500749988,45976741,0.266,0.00000112,buy
1500749924,45976598,0.26557,13.37,sell
1500749907,45976556,0.26638,159.9219161,sell
1500749907,45976555,0.26638,1007,sell
1500749879,45976400,0.2655,1121.114379,sell
1500749878,45976316,0.2697,1526.392555,buy
1500749878,45976315,0.2697,4587.8966,buy
1500749878,45976314,0.26968,10,buy
1500749878,45976313,0.26959,8000,buy
1500749878,45976312,0.2695,9,buy
1500749878,45976311,0.2695,415,buy
1500749878,45976310,0.2693,8,buy
1500749878,45976309,0.2693,19,buy
1500749878,45976308,0.2693,550,buy
1500749878,45976307,0.2691,7,buy
1500749878,45976306,0.26909,159.7373805,buy
1500749878,45976305,0.269,6,buy
1500749878,45976304,0.26894,2123.192467,buy
1500749878,45976303,0.2689,5,buy
1500749878,45976302,0.2685,4,buy
1500749878,45976301,0.2685,3.00001008,buy
1500749878,45976300,0.2684,10000,buy
1500749878,45976299,0.26834,10,buy
1500749878,45976298,0.268,2381.033807,buy
1500749878,45976297,0.267,5094.9,buy
1500749817,45976185,0.265,717.5282198,sell
1500749817,45976184,0.26501,83.31957652,sell
1500749817,45976183,0.26566,622.2538796,sell
1500749817,45976182,0.26566,10,sell
1500749776,45976134,0.266,121.9612481,buy
1500749775,45976128,0.26524,34.34,sell
1500749773,45976112,0.266,4469.800304,buy
1500749733,45976031,0.267,2108.604341,buy
1500749692,45975990,0.2682,602.2226034,buy
1500749692,45975980,0.2652,0.00443654,buy
1500749691,45975978,0.2652,656.5938796,buy
1500749691,45975975,0.2652,92.40168382,sell
1500749691,45975974,0.2652,40,sell
1500749602,45975856,0.268,500,buy
1500749587,45975848,0.2645,32629.52571,sell
1500749587,45975847,0.2645,10000,sell
1500749562,45975826,0.266,15.9331323,sell
1500749562,45975825,0.26601,87.7476267,sell
1500749561,45975822,0.266,442.638482,sell
1500749543,45975809,0.2685,16.99998992,buy
1500749543,45975808,0.268,3,buy
1500749543,45975807,0.2671,0.00001008,buy
1500749489,45975725,0.2671,1.99998992,buy
1500749489,45975724,0.26709,0.00000508,buy
1500749489,45975722,0.26709,132.3713123,buy
1500749475,45975707,0.26709,10,buy
1500749466,45975702,0.26709,437.751984,buy
1500749466,45975701,0.26709,649.5578549,buy
1500749457,45975683,0.26709,1056.812374,buy
1500749457,45975682,0.267,1,buy
1500749457,45975681,0.267,1000,buy
1500749457,45975680,0.267,1298.72733,buy
1500749457,45975678,0.2669,10,buy
1500749457,45975677,0.2669,12.67939606,buy
1500749436,45975639,0.2669,43.88160394,buy
1500749436,45975638,0.26689,0.41839606,buy
1500749382,45975546,0.2666,57.46164302,sell
1500749357,45975527,0.2669,0.45,buy
1500749301,45975470,0.2666,418.3960699,sell
1500749301,45975469,0.26666,0.4,sell
1500749301,45975468,0.26666,350.1829301,sell
1500749261,45975437,0.26666,33.82527419,sell
1500749208,45975371,0.26666,714.9917957,sell
1500749189,45975361,0.26666,1,buy
1500749185,45975360,0.26666,4,buy
1500749154,45975336,0.2642,1021.446708,sell
1500748932,45975106,0.2645,8000,sell
1500748913,45975063,0.265,1586.582707,sell
1500748913,45975062,0.265,148.9912304,sell
1500748903,45975040,0.2653,89.64466552,sell
1500748903,45975039,0.2653,178.8116191,sell
1500748903,45975038,0.26686,36.62949753,buy
1500748899,45975024,0.2653,1617.214631,sell
1500748816,45974932,0.267,1,buy
1500748810,45974918,0.267,0.27267049,buy
1500748810,45974917,0.2669,58.677,buy
1500748787,45974880,0.2653,203.9737499,sell
1500748787,45974879,0.26533,5,sell
1500748762,45974833,0.26655,4.8932,buy
1500748762,45974832,0.2655,0.1068,buy
1500748684,45974719,0.2666,3000,sell
1500748652,45974689,0.26669,159.7374805,sell
1500748637,45974677,0.267,1,buy
1500748553,45974607,0.2688,329.80393,buy
1500748553,45974606,0.26832,160.19607,buy
1500748553,45974605,0.268,5,buy
1500748553,45974604,0.26666,5,buy
1500748353,45974340,0.2678,4881.033807,buy
1500748332,45974324,0.26405,1,sell
1500748325,45974314,0.26404,36.636,sell
1500748325,45974313,0.26404,13.37,sell
1500748325,45974312,0.26533,5,sell
1500748306,45974289,0.2679,2829.913363,buy
1500748271,45974227,0.267,200,sell
1500748268,45974225,0.2679,1000,buy
1500748245,45974196,0.267,0.19,sell
1500748037,45973839,0.26449,13.37,buy
1500748030,45973825,0.264,490.201,sell
1500748030,45973824,0.26401,2009.799,sell
1500748025,45973821,0.2645,13.37,buy
1500748019,45973810,0.2679,5008.37,buy
1500748019,45973809,0.2675,10000,buy
1500748019,45973808,0.26666,5,buy
1500748019,45973807,0.265,986.63,buy
1500748019,45973806,0.2645,8000,buy
1500748009,45973785,0.265,13.37,buy
1500748003,45973777,0.2645,3380,sell
1500748001,45973771,0.26451,332.1303042,buy
1500748001,45973770,0.26451,193.0778458,buy
1500748000,45973767,0.26451,3663.517122,buy
1500747999,45973762,0.26451,1483.593046,buy
1500747999,45973761,0.2645,8000,sell
1500747981,45973722,0.2648,714.9917957,sell
1500747931,45973541,0.2669,196.9254389,sell
1500747928,45973536,0.265,903.0745611,buy
1500747927,45973535,0.265,118.0928231,buy
1500747905,45973444,0.265,990.0247613,buy
1500747902,45973439,0.265,0.00005656,sell
1500747900,45973438,0.265,0.99994344,sell
1500747900,45973437,0.265,20,sell
1500747900,45973436,0.265,1000,sell
1500747900,45973435,0.26501,0.16744072,sell
1500747746,45973025,0.2646,5239.19283,sell
1500747746,45973024,0.265,1000,sell
1500747746,45973023,0.26533,5,sell
1500747746,45973022,0.26592,160.19617,sell
1500747746,45973021,0.266,215,sell
1500747746,45973020,0.266,3500,sell
1500747688,45972920,0.266,12933.80372,sell
1500747688,45972919,0.266,8000,sell
1500747688,45972918,0.26611,2190.928169,sell
1500747688,45972917,0.2663,1000,sell
1500747688,45972916,0.2663,3090.268113,sell
1500747688,45972915,0.26631,2000,sell
1500747688,45972914,0.26631,30,sell
1500747688,45972913,0.2665,250,sell
1500747688,45972912,0.26666,5,sell
1500747688,45972911,0.2667,250,sell
1500747688,45972910,0.267,250,sell
1500747647,45972784,0.26899,2000,buy
1500747571,45972665,0.26888,10,buy
1500747564,45972663,0.26888,10,buy
1500747564,45972662,0.26888,10,buy
1500747563,45972661,0.2689,10,buy
1500747557,45972660,0.26899,10,buy
1500747555,45972659,0.26899,10,buy
1500747553,45972650,0.26899,10,buy
1500747552,45972649,0.269,10,buy
1500747544,45972643,0.2666,98.507368,sell
1500747544,45972641,0.269,10,buy
1500747543,45972636,0.269,10,buy
1500747529,45972625,0.269,10,buy
1500747527,45972624,0.269,10,buy
1500747526,45972621,0.269,10,buy
1500747525,45972619,0.2663,2438.993338,sell
1500747525,45972618,0.2665,2123.192467,sell
1500747525,45972617,0.2666,5388.5,sell
1500747525,45972616,0.26661,49.31419433,sell
1500747525,45972615,0.269,10,buy
1500747524,45972613,0.269,10,buy
1500747523,45972611,0.269,10,buy
1500747518,45972610,0.269,10,buy
1500747483,45972577,0.2663,4.73,sell
1500747479,45972572,0.269,3254.109488,buy
1500747479,45972571,0.268,5,buy
1500747449,45972529,0.2663,0.1,sell
1500747427,45972505,0.2694,1.99513042,buy
1500747427,45972504,0.267,0.00486958,buy
1500747408,45972486,0.2663,0.1,sell
1500747399,45972473,0.267,665.1595477,buy
1500747398,45972468,0.268,50,sell
1500747363,45972429,0.269,715.1644173,buy
1500747331,45972389,0.2695,10,buy
1500747305,45972349,0.2663,1000,sell
1500747266,45972340,0.2663,1465.808549,sell
1500747266,45972339,0.26666,5,sell
1500747264,45972330,0.267,1692.231,sell
1500747264,45972329,0.267,6311,sell
1500747256,45972320,0.267,689,sell
1500747253,45972317,0.268,5,sell
1500747253,45972316,0.26801,70.79378032,sell
1500747035,45971946,0.26979,650,buy
1500747006,45971879,0.2699,0.5,buy
1500746959,45971833,0.27,125,sell
1500746954,45971826,0.2695,2,buy
1500746954,45971825,0.26934,5,buy
1500746954,45971824,0.26929,5,buy
1500746930,45971805,0.2692,1.40899368,buy
1500746922,45971797,0.2692,4602.454473,buy
1500746922,45971793,0.2692,3936.379944,buy
1500746915,45971761,0.268,5,buy
1500746861,45971700,0.26751,5,sell
1500746860,45971698,0.26751,5,sell
1500746813,45971609,0.26751,47,sell
1500746802,45971594,0.2675,1,sell
1500746797,45971567,0.267,1,sell
1500746790,45971532,0.2692,158.1937688,buy
1500746780,45971507,0.267,998,sell
1500746770,45971489,0.267,1,sell
1500746764,45971483,0.2663,1,sell
1500746755,45971470,0.2663,1,sell
1500746751,45971461,0.2661,1,buy
1500746734,45971424,0.2652,1,buy
1500746727,45971410,0.2652,1,buy
1500746720,45971405,0.26501,1,sell
1500746715,45971396,0.265,10,buy
1500746712,45971392,0.2682,21.03068232,buy
1500746707,45971386,0.26829,5,buy
1500746696,45971353,0.26402,1,sell
1500746689,45971344,0.26401,1,sell
1500746681,45971332,0.26401,1,sell
1500746675,45971330,0.26401,1,sell
1500746652,45971298,0.264,1,sell
1500746627,45971258,0.2635,1500,sell
1500746627,45971257,0.2635,779.286788,sell
1500746627,45971256,0.264,5,sell
1500746627,45971255,0.26499,1000,sell
1500746627,45971254,0.26533,5,sell
1500746627,45971253,0.266,210.1812307,sell
1500746627,45971252,0.26601,411.52453,sell
1500746627,45971251,0.26666,5,sell
1500746627,45971250,0.26753,73.6989676,sell
1500746627,45971249,0.26753,210.3084838,sell
1500746624,45971239,0.26753,1,sell
1500746619,45971222,0.26753,1,sell
1500746614,45971214,0.26753,1,sell
1500746610,45971202,0.26753,1,sell
1500746604,45971185,0.26753,1,sell
1500746600,45971169,0.268,4,sell
1500746593,45971154,0.268,1,sell
1500746587,45971145,0.26753,1,sell
1500746581,45971130,0.26753,1,sell
1500746573,45971079,0.26753,1,sell
1500746569,45971069,0.26753,1,sell
1500746567,45971062,0.269,9998,sell
1500746564,45971048,0.269,1,sell
1500746560,45971043,0.269,1,sell
1500746556,45971038,0.27,4193.804148,sell
1500746550,45971018,0.27004,901,sell
1500746549,45971017,0.27,45806.19585,sell
1500746549,45971016,0.27,2577.638035,sell
1500746549,45971015,0.27002,163.730421,sell
1500746549,45971014,0.27003,1352.738694,sell
1500746549,45971013,0.27043,4193.804148,sell
1500746547,45971008,0.27043,890,buy
1500746531,45970980,0.27003,1,sell
1500746527,45970971,0.27003,1,sell
1500746524,45970958,0.27003,498.002005,sell
1500746521,45970944,0.27003,1,sell
1500746518,45970940,0.27043,10,buy
1500746516,45970938,0.27003,1,sell
1500746513,45970934,0.27003,1,sell
1500746513,45970933,0.27043,1,buy
1500746512,45970930,0.27003,465.487111,sell
1500746507,45970914,0.27003,1,sell
1500746502,45970904,0.27003,1,sell
1500746498,45970898,0.27003,1,sell
1500746492,45970876,0.27003,1,sell
1500746487,45970863,0.27003,1,sell
1500746484,45970855,0.27018,85,buy
1500746482,45970846,0.27003,271.871396,sell
1500746481,45970845,0.27003,1,sell
1500746476,45970828,0.27003,1,sell
1500746471,45970816,0.27003,200,sell
1500746470,45970813,0.27002,441.269579,sell
1500746463,45970792,0.27001,1,sell
1500746432,45970768,0.27001,901,sell
1500746432,45970767,0.2701,100,sell
1500746412,45970736,0.27047,29.5,buy
1500746405,45970725,0.27001,550.024553,sell
1500746377,45970649,0.27001,5,sell
1500746377,45970645,0.27001,5,sell
1500746366,45970631,0.27049,12.81543107,buy
1500746347,45970599,0.27049,4219.808328,buy
1500746342,45970586,0.27,218.9167842,sell
1500746327,45970561,0.27,47203.44518,sell
1500746327,45970560,0.27,19796.55482,sell
1500746323,45970552,0.27,16000,sell
1500746323,45970551,0.27001,8000,sell
1500746308,45970535,0.2705,2000,buy
1500746308,45970534,0.27047,8000,buy
1500746279,45970455,0.27,2021.82804,sell
1500746264,45970435,0.27,0.1,sell
1500746262,45970433,0.27,702.4860583,sell
1500746258,45970429,0.27,11479.03108,sell
1500746258,45970428,0.27,3000,sell
1500746258,45970427,0.27,10519.96892,sell
1500746258,45970426,0.27001,1,sell
1500746258,45970424,0.27049,1,buy
1500746207,45970306,0.27,30.481568,sell
1500746206,45970295,0.27,99.99999999,sell
1500746182,45970238,0.27,1855.905277,sell
1500746178,45970212,0.27,2006.916402,sell
1500746178,45970210,0.27,1855.905277,sell
1500746178,45970209,0.27,606.8817982,sell
1500746177,45970198,0.27,1430.829261,sell
1500746177,45970197,0.27,512.2831019,buy
1500746177,45970196,0.27,20,buy
1500746177,45970195,0.27,1004.918073,buy
1500746177,45970194,0.27,45,buy
1500746177,45970193,0.2699,7891.759644,buy
1500746177,45970192,0.2698,4200,buy
1500746177,45970191,0.2695,5,buy
1500746177,45970190,0.2695,8906.35068,buy
1500746177,45970189,0.2694,9007.8,buy
1500746165,45970159,0.26601,8.7959,sell
1500746165,45970158,0.26666,5,sell
1500746165,45970157,0.268,5,sell
1500746127,45970058,0.26939,16.58852188,buy
1500746093,45969972,0.266,8853.621173,sell
1500746093,45969971,0.267,106,sell
1500746093,45969970,0.2672,217.255,sell
1500746093,45969969,0.268,5823.123827,sell
1500746086,45969957,0.268,602.9756135,sell
1500746086,45969956,0.2685,5,sell
1500746086,45969954,0.26939,312.6518237,sell
1500746086,45969952,0.26939,854.469203,sell
1500746085,45969951,0.26939,854.469203,sell
1500746084,45969945,0.26939,852.4499565,sell
1500746004,45969677,0.268,1600.33,sell
1500745989,45969644,0.26801,4379.638907,sell
1500745945,45969567,0.2681,20,sell
1500745908,45969524,0.26974,4379.638907,buy
1500745908,45969523,0.2695,1000.399,buy
1500745908,45969522,0.26934,5,buy
1500745900,45969514,0.268,4.8,sell
1500745882,45969488,0.268,1578.086238,sell
1500745875,45969468,0.268,390.6843217,sell
1500745875,45969466,0.26884,36.968,buy
1500745875,45969465,0.26883,963.032,buy
1500745867,45969454,0.26791,824.0241155,sell
1500745867,45969452,0.26791,112.173481,sell
1500745867,45969451,0.26791,708.4333452,sell
1500745865,45969436,0.26791,112.173481,sell
1500745862,45969422,0.26791,96.96780327,sell
1500745860,45969414,0.26791,605.3210918,sell
1500745859,45969410,0.26791,96.96780327,sell
1500745858,45969404,0.26791,480.6997373,sell
1500745855,45969401,0.26791,1640.557398,sell
1500745854,45969393,0.26791,2250.636053,sell
1500745852,45969388,0.26791,1628.106812,sell
1500745850,45969385,0.26791,2265.087737,sell
1500745850,45969382,0.26791,115.0487389,buy
1500745839,45969366,0.26791,6837.463526,sell
1500745838,45969365,0.26791,855.5890841,sell
1500745838,45969362,0.26791,98.954436,sell
1500745838,45969354,0.26791,602.0013018,sell
1500745837,45969350,0.26791,1733.774784,sell
1500745835,45969344,0.265,4000.012073,sell
1500745835,45969343,0.26513,7999.987927,sell
1500745834,45969338,0.269,40257,buy
1500745834,45969337,0.268,5,buy
1500745834,45969336,0.26799,1831.608144,buy
1500745834,45969335,0.26792,11008.9895,buy
1500745834,45969334,0.26791,98.981688,buy
1500745833,45969333,0.26513,0.01207266,sell
1500745833,45969332,0.267,5.63270731,sell
1500745824,45969320,0.26792,991.0105,buy
1500745824,45969319,0.2677,1508.9895,buy
1500745819,45969306,0.26762,42.14037472,buy
1500745819,45969305,0.26761,2918.93,buy
1500745819,45969304,0.26761,34.90252204,buy
1500745810,45969281,0.267,101.2201911,buy
1500745810,45969280,0.267,36346.42395,buy
1500745807,45969271,0.26699,93.00046069,buy
1500745792,45969246,0.267,3653.576049,buy
1500745792,45969245,0.26699,5838.139938,buy
1500745792,45969244,0.26689,8509.963,buy
1500745792,45969243,0.26666,5,buy
1500745792,45969242,0.26533,5,buy
1500745792,45969241,0.26528,2135.09194,buy
1500745792,45969240,0.26514,3.21558214,buy
1500745777,45969205,0.26514,27,buy
1500745762,45969153,0.26514,5,buy
1500745762,45969152,0.26514,4,buy
1500745761,45969148,0.265,5000,buy
1500745761,45969147,0.265,1000,buy
1500745660,45968955,0.26401,11.27,sell
1500745646,45968917,0.264,1,buy
1500745646,45968916,0.264,5,buy
1500745646,45968915,0.264,16304.42915,buy
1500745637,45968896,0.264,4060.174312,buy
1500745637,45968895,0.2635,1497.09,buy
1500745637,45968894,0.26349,42.73568821,buy
1500745535,45968627,0.2638,3207.45548,buy
1500745511,45968510,0.264,85.93289057,buy
1500745511,45968509,0.2615,1788.764197,buy
1500745510,45968507,0.2616,703.1188653,sell
1500745510,45968506,0.2631,5000,sell
1500745510,45968505,0.26314,1988,sell
1500745510,45968504,0.26314,5808.499938,sell
1500745503,45968449,0.26314,5,sell
1500745484,45968378,0.26314,13.37,sell
1500745429,45968262,0.264,2286.379922,buy
1500745429,45968261,0.26398,7713.620078,buy
1500745419,45968243,0.264,11713.62008,buy
1500745419,45968242,0.26399,253.9313969,buy
1500745419,45968241,0.26398,32.44852502,buy
1500745391,45968133,0.26301,13.37,sell
1500745376,45968059,0.263,12,sell
1500745334,45967932,0.264,602.9167387,buy
1500745334,45967931,0.26393,0.0554517,buy
1500745334,45967930,0.263,0.00457324,buy
1500745334,45967928,0.263,1999.995427,buy
1500745313,45967821,0.26393,1.0145483,buy
1500745313,45967820,0.26393,10.1,buy
1500745313,45967819,0.2639,0.0554467,buy
1500745313,45967817,0.2639,299.9445533,buy
1500745313,45967816,0.26389,0.0554417,buy
1500745313,45967815,0.26389,37.01691884,buy
1500745313,45967814,0.2632,0.05543652,buy
1500745299,45967764,0.2608,990.2321237,sell
1500745299,45967763,0.261,2000,sell
1500745299,45967762,0.261,150,sell
1500745299,45967761,0.26137,5,sell
1500745299,45967760,0.2615,188,sell
1500745299,45967759,0.2617,162.5956976,sell
1500745299,45967758,0.26202,149,sell
1500745299,45967757,0.26261,29.55424663,sell
1500745299,45967756,0.263,897.6048142,sell
1500745299,45967755,0.26301,36.23621775,sell
1500745276,45967681,0.263,11.39518585,sell
1500745240,45967560,0.2632,521.8850823,buy
1500745077,45967260,0.263,1,sell
1500745041,45967174,0.263,90,sell
1500744799,45966594,0.26202,10,sell
1500744769,45966534,0.26202,0.1,sell
1500744735,45966461,0.264,2500,buy
1500744735,45966460,0.26398,2000,buy
1500744489,45965984,0.2617,0.1,sell
1500744453,45965926,0.264,68,buy
1500744423,45965897,0.264,164.5294061,buy
1500744423,45965896,0.26336,152.158844,buy
1500744423,45965895,0.26268,5,buy
1500744423,45965894,0.2626,23.31174993,buy
1500744413,45965870,0.2626,2.23,buy
1500744358,45965748,0.2626,1.08,buy
1500744314,45965704,0.26144,0.1,sell
1500744247,45965580,0.2626,0.8,buy
1500744228,45965526,0.2626,4.1,buy
1500744223,45965502,0.2606,586,sell
1500744208,45965478,0.2626,670.815,buy
1500744158,45965357,0.2604,0.245092,sell
1500744152,45965319,0.2603,0.1,sell
1500744122,45965194,0.2625,1835.278701,buy
1500744059,45965112,0.2601,2000,sell
1500744046,45965095,0.2601,8342.466433,sell
1500744046,45965094,0.2604,320.096,sell
1500744046,45965093,0.2606,383.7298542,sell
1500744046,45965092,0.2607,2416.65903,sell
1500744046,45965091,0.261,134,sell
1500744046,45965090,0.26101,22.4110454,sell
1500744046,45965089,0.2611,1478.201612,sell
1500744038,45965081,0.26146,1,sell
1500744034,45965073,0.2611,334.5097412,sell
1500744034,45965072,0.26201,22.37658985,sell
1500744033,45965068,0.26146,85.51751099,buy
1500744032,45965063,0.2611,1187.288647,sell
1500744032,45965062,0.26137,5,sell
1500744032,45965061,0.26149,2135.09194,sell
1500744032,45965060,0.262,1530,sell
1500744032,45965059,0.2621,300,sell
1500744032,45965058,0.26268,20,sell
1500744032,45965057,0.26268,5,sell
1500744027,45965037,0.264,300,buy
1500743951,45964860,0.264,200,sell
1500743951,45964859,0.264,5,sell
1500743951,45964858,0.2645,97.6175,sell
1500743951,45964857,0.2645,601,sell
1500743951,45964856,0.265,1010.4,sell
1500743939,45964834,0.2665,250,buy
1500743908,45964772,0.2645,400,sell
1500743746,45964461,0.26455,0.1,sell
1500743564,45964156,0.26463,0.1,sell
1500743542,45964120,0.26463,121.6882702,sell
1500743525,45964107,0.265,50.22534766,buy
1500743524,45964104,0.265,50.04580429,buy
1500743523,45964098,0.26566,37.0405779,sell
1500743510,45964087,0.26566,0.1,sell
1500743474,45964022,0.268,6902.436026,buy
1500743474,45964021,0.26799,3.53997421,buy
1500743472,45964017,0.26778,1.34963002,buy
1500743464,45963999,0.26566,0.1,sell
1500743387,45963879,0.2673,38.40309621,buy
1500743387,45963878,0.26729,2.10918924,buy
1500743355,45963824,0.2673,133.150952,buy
1500743355,45963823,0.26729,1.26157114,buy
1500743315,45963760,0.26799,0.19389493,buy
1500743307,45963724,0.26455,324,sell
1500743307,45963723,0.265,1,sell
1500743307,45963722,0.26533,5,sell
1500743239,45963671,0.2665,5,buy
1500743236,45963662,0.2665,5,buy
1500743232,45963658,0.2665,1,buy
1500743208,45963615,0.2665,86.01161285,sell
1500743184,45963576,0.2678,495.96,sell
1500743184,45963575,0.2678,500,sell
1500743178,45963522,0.2678,999.04,sell
1500743172,45963495,0.2678,5,sell
1500743148,45963417,0.2681,0.77212394,buy
1500743145,45963410,0.2682,1,buy
1500743139,45963397,0.2682,2,buy
1500743137,45963395,0.2683,2,buy
1500743118,45963353,0.2684,1496.0477,buy
1500743118,45963352,0.26839,3.95229985,buy
1500743094,45963323,0.26504,0.1,sell
1500743071,45963292,0.26909,0.04533691,sell
1500743069,45963290,0.26909,0.2,sell
1500743013,45963227,0.2706,1594.461234,buy
1500743013,45963226,0.27059,1097.1861,buy
1500743013,45963225,0.27059,3249.9402,buy
1500743013,45963224,0.27007,112.195782,buy
1500743013,45963223,0.27,78.19607843,buy
1500743013,45963222,0.27,27,buy
1500743013,45963221,0.27,10,buy
1500743013,45963220,0.27,500,buy
1500743013,45963219,0.27,13,buy
1500743013,45963218,0.27,1500,buy
1500743013,45963217,0.27,100,buy
1500743013,45963216,0.27,1368.515773,buy
1500743013,45963215,0.26999,2482.92,buy
1500743013,45963214,0.26999,13751.0843,buy
1500743013,45963213,0.2699,12946.3,buy
1500743013,45963212,0.2696,50,buy
1500743013,45963211,0.2696,699.8732762,buy
1500743013,45963210,0.26934,5,buy
1500743013,45963209,0.269,2,buy
1500743013,45963208,0.269,1000,buy
1500743013,45963207,0.2689,300,buy
1500743013,45963206,0.2682,900,buy
1500743013,45963205,0.268,5,buy
1500743013,45963204,0.268,1999.8,buy
1500743013,45963203,0.26666,5,buy
1500743013,45963202,0.2665,150.08,buy
1500743013,45963201,0.26647,35.97741584,buy
1500743013,45963200,0.26615,11.6418763,buy
1500742824,45962961,0.2645,499.5,sell
1500742617,45962635,0.26779,0.1,buy
1500742541,45962549,0.264,1406.265387,sell
1500742541,45962548,0.26488,248.8023114,sell
1500742541,45962547,0.265,7187.374748,sell
1500742541,45962546,0.26501,2000,sell
1500742541,45962545,0.26501,2627.915592,sell
1500742541,45962544,0.2651,31405.76516,sell
1500742541,45962543,0.26533,5,sell
1500742541,45962542,0.26666,5,sell
1500742541,45962541,0.268,0.2,buy
1500742489,45962506,0.268,1000,buy
1500742470,45962487,0.265,534.4868512,sell
1500742465,45962479,0.26859,121.1,buy
1500742465,45962478,0.2685,8684.4,buy
1500742464,45962476,0.265,1665.661475,sell
1500742464,45962475,0.26802,1192.123501,sell
1500742444,45962446,0.26802,1.35504723,buy
1500742426,45962408,0.26802,376.3873261,buy
1500742426,45962407,0.268,1.35504685,buy
1500742426,45962406,0.268,390.7978931,buy
1500742425,45962404,0.265,612.476926,sell
1500742425,45962403,0.26501,33.21318098,sell
1500742425,45962402,0.267,2000,sell
1500742425,45962401,0.267,100,sell
1500742425,45962400,0.2679,390.7978931,sell
1500742424,45962396,0.2679,509.2021069,sell
1500742424,45962395,0.268,390.7978931,sell
1500742407,45962368,0.268,2500,sell
1500742404,45962360,0.268,7109.202107,sell
1500742404,45962359,0.268,0.00008898,sell
1500742404,45962358,0.26801,72.438451,sell
1500742404,45962357,0.26802,594.1453531,sell
1500742404,45962356,0.26802,376.9868886,sell
1500742376,45962314,0.26801,97.561549,buy
1500742350,45962252,0.268,733.1468735,sell
1500742333,45962211,0.268,20000,sell
1500742303,45962141,0.268,100,buy
1500742303,45962140,0.268,769.2468859,buy
1500742275,45962099,0.268,1535.006904,buy
1500742257,45962066,0.2679,8853.3,buy
1500742216,45961935,0.26799,2,buy
1500742208,45961916,0.268,9900,buy
1500742208,45961915,0.267,100,buy
1500742205,45961905,0.267,10000,buy
1500742200,45961899,0.267,9900,sell
1500742198,45961880,0.268,10000,buy
1500742195,45961856,0.268,2795.746211,buy
1500742195,45961855,0.2679,300,buy
1500742195,45961854,0.2678,2000,buy
1500742195,45961853,0.2673,887,buy
1500742195,45961852,0.26724,3983.373,buy
1500742195,45961851,0.26723,33.8807894,buy
1500742182,45961794,0.267,100,buy
1500742146,45961714,0.267,731.683,sell
1500742145,45961711,0.2669,3447.23,buy
1500742145,45961710,0.2669,750,buy
1500742145,45961709,0.26637,4071.172,buy
1500742145,45961708,0.2663,999.915,buy
1500742091,45961644,0.2645,1000,sell
1500742032,45961542,0.26641,1636.362324,buy
1500742032,45961541,0.2664,66.4186037,buy
1500741967,45961456,0.2645,5798.143341,sell
1500741967,45961455,0.2645,85,sell
1500741880,45961316,0.2645,915,sell
1500741801,45961228,0.264,1000,sell
1500741798,45961222,0.264,134.062365,sell
1500741792,45961201,0.26683,37622.927,buy
1500741792,45961200,0.26657,2028.103,buy
1500741792,45961199,0.2665,8419.9,buy
1500741792,45961198,0.26649,1929.07,buy
1500741779,45961186,0.26683,52262.16776,buy
1500741779,45961185,0.2667,21822.7,buy
1500741779,45961184,0.2667,13111.3,buy
1500741779,45961183,0.26667,530.4644173,buy
1500741779,45961182,0.26666,440.6678244,buy
1500741779,45961181,0.266,3000,buy
1500741779,45961180,0.266,100,buy
1500741779,45961179,0.265,2,buy
1500741779,45961178,0.2649,8730.7,buy
1500741773,45961172,0.264,15.69510583,sell
1500741773,45961171,0.26401,77.91476017,sell
1500741749,45961148,0.264,877.2135626,sell
1500741746,45961138,0.264,2200,sell
1500741742,45961134,0.264,1144.775479,sell
1500741740,45961130,0.264,337.715847,sell
1500741740,45961129,0.26401,1295.406568,sell
1500741722,45961101,0.26401,500,sell
1500741683,45961024,0.26401,30,sell
1500741681,45961008,0.26401,30,sell
1500741586,45960898,0.2633,10,sell
1500741254,45960569,0.26205,98.1,sell
1500741254,45960568,0.26377,1.9,sell
1500741238,45960562,0.26377,0.1,buy
1500741168,45960495,0.26183,1274.327788,sell
1500741168,45960494,0.26183,222.79525,sell
1500741168,45960493,0.26184,445.54594,sell
1500741153,45960479,0.26181,175,sell
1500741104,45960398,0.26683,9282.556802,buy
1500741104,45960397,0.2666,9574.092,buy
1500741104,45960396,0.26657,5,buy
1500741104,45960395,0.2665,1963.809553,buy
1500741104,45960394,0.2665,1000,buy
1500741104,45960393,0.2661,84.83613,buy
1500741104,45960392,0.266,1000,buy
1500741104,45960391,0.26524,5,buy
1500741104,45960390,0.26504,1851.112686,buy
1500741104,45960389,0.265,5032.962,buy
1500741104,45960388,0.265,3000.99,buy
1500741104,45960387,0.265,26.5,buy
1500741104,45960386,0.265,13,buy
1500741104,45960385,0.265,704.6823958,buy
1500741104,45960384,0.265,950,buy
1500741104,45960383,0.265,40,buy
1500741104,45960382,0.265,1000,buy
1500741104,45960381,0.26499,3527.529606,buy
1500741104,45960380,0.2649,17.1828,buy
1500741104,45960379,0.2649,37.4563775,buy
1500741104,45960378,0.2645,99.8,buy
1500741104,45960377,0.2644,851.4457241,buy
1500741104,45960376,0.26433,73.770548,buy
1500741104,45960375,0.2642,1333,buy
1500741104,45960374,0.264,2929.218476,buy
1500741104,45960373,0.26393,567.4707511,buy
1500741104,45960372,0.26392,5,buy
1500740824,45960055,0.2611,374.1902357,sell
1500740824,45960054,0.2613,10,sell
1500740824,45960053,0.26261,10,sell
1500740719,45959913,0.26393,1300,buy
1500740699,45959891,0.26393,200,buy
1500740657,45959820,0.2639,1959.332355,sell
1500740649,45959802,0.26385,1173.571,buy
1500740649,45959801,0.26384,0.1,buy
1500740542,45959633,0.2639,11.4887039,buy
1500740409,45959345,0.26393,50,buy
1500740289,45959109,0.264,200,buy
1500740234,45958917,0.264,473.6480782,buy
1500740234,45958916,0.2612,282.8043897,buy
1500740197,45958832,0.2612,17.19561031,sell
1500740132,45958666,0.264,3.01584182,buy
1500740112,45958627,0.264,361.8873251,buy
1500740112,45958623,0.264,343.7929588,buy
1500740107,45958613,0.2637,268.674259,buy
1500740106,45958610,0.2637,268.674259,buy
1500740105,45958606,0.2637,268.674259,buy
1500740100,45958595,0.2638,8416.094956,buy
1500740047,45958407,0.264,1944.613591,buy
1500740037,45958365,0.2612,0.00438969,sell
1500740025,45958332,0.264,50,buy
1500739959,45958196,0.264,83.76822909,buy
1500739959,45958195,0.2638,2,buy
1500739959,45958194,0.26379,0.1,buy
1500739943,45958169,0.2636,8650.994944,buy
1500739937,45958150,0.2637,900,buy
1500739914,45958062,0.2636,3113.718529,buy
1500739912,45958057,0.26308,0.00438469,buy
1500739873,45957956,0.26267,0.000005,buy
1500739871,45957951,0.26267,331.999995,buy
1500739849,45957901,0.26308,684.4680886,buy
1500739809,45957808,0.26308,9.9375267,buy
1500739809,45957807,0.26267,0.10911626,buy
1500739542,45957251,0.26267,18.76736191,buy
1500739542,45957250,0.2626,0.1,buy
1500739542,45957249,0.2626,0.00455109,buy
1500739541,45957245,0.2626,9051.395449,buy
1500739527,45957219,0.26267,22.63517518,buy
1500739526,45957216,0.26267,22.63664865,buy
1500739330,45956981,0.2623,60.9,buy
1500739330,45956980,0.26229,0.1,buy
1500739053,45956683,0.2623,9.9,buy
1500739053,45956682,0.26229,0.1,buy
1500739026,45956650,0.26,1000,sell
1500739005,45956626,0.26,200,sell
1500739004,45956624,0.2619,1.25784559,buy
1500738988,45956607,0.2621,1150,buy
1500738858,45956504,0.26239,85.18419678,sell
1500738829,45956420,0.2624,2,buy
1500738828,45956418,0.2624,100.3415234,buy
1500738828,45956417,0.26239,0.1,buy
1500738798,45956383,0.26,26.15288607,sell
1500738798,45956382,0.26001,163,sell
1500738798,45956381,0.26001,849.6606098,sell
1500738798,45956380,0.261,2294.927425,sell
1500738746,45956245,0.261,1000,sell
1500738509,45955902,0.261,3000,sell
1500738501,45955893,0.2618,1378.607589,buy
1500738501,45955892,0.2618,0.00000578,buy
1500738275,45955553,0.2618,2078.155165,buy
1500738275,45955552,0.2618,915.7253243,buy
1500738255,45955501,0.2618,40.10764706,buy
1500738217,45955390,0.2618,23,buy
1500738165,45955319,0.26124,898.8452319,sell
1500738136,45955276,0.26189,71.48185859,sell
1500738134,45955272,0.26189,15.51814141,buy
1500738125,45955250,0.26124,100,sell
1500738094,45955221,0.26189,3,buy
1500738015,45955150,0.26189,50,buy
1500737783,45954952,0.26189,956.0840702,buy
1500737783,45954951,0.26124,43.8159298,buy
1500737783,45954950,0.26123,0.1,buy
1500737773,45954935,0.261,400.4,sell
1500737624,45954830,0.26124,63.16753846,sell
1500737618,45954827,0.26189,3700,buy
1500737581,45954812,0.26189,3700.1,buy
1500737581,45954811,0.2618,99.9,buy
1500737555,45954778,0.26124,1.92845558,sell
1500737447,45954691,0.2618,0.1,buy
1500737333,45954582,0.26,1200,buy
1500737300,45954555,0.26124,0.45,sell
1500737286,45954544,0.261,0.012309,sell
1500737285,45954543,0.261,1499.987691,sell
1500737285,45954542,0.2617,0.012309,sell
1500737262,45954520,0.2617,1058.1,sell
1500737254,45954515,0.2617,599.753449,sell
1500737224,45954479,0.26189,10,buy
1500737209,45954463,0.26189,10,buy
1500737200,45954452,0.26189,10,buy
1500737188,45954445,0.26189,10,buy
1500737183,45954431,0.2617,7489.251,sell
1500737173,45954405,0.26189,10,buy
1500737170,45954400,0.26189,0.24,buy
1500737167,45954396,0.26189,702.3367499,buy
1500737166,45954395,0.2617,2,sell
1500737161,45954388,0.2617,1.883242,sell
1500737155,45954384,0.2617,1,sell
1500737155,45954383,0.2617,1,sell
1500737138,45954363,0.26189,919,buy
1500737138,45954362,0.2617,147,sell
1500737118,45954312,0.26189,10,buy
1500737109,45954296,0.26189,10,buy
1500737102,45954277,0.26177,0.1,buy
1500737102,45954276,0.26177,181.7386473,buy
1500737100,45954275,0.26177,10,buy
1500737069,45954200,0.26177,10,buy
1500737058,45954174,0.2617,10,buy
1500737047,45954148,0.2618,10,buy
1500737031,45954104,0.26189,10,buy
1500736997,45954030,0.2618,13783.55974,buy
1500736997,45954029,0.2618,9388,buy
1500736997,45954028,0.26179,3687.0274,buy
1500736997,45954027,0.26179,3687.4022,buy
1500736997,45954026,0.26179,3677.0274,buy
1500736997,45954025,0.26178,776.98326,buy
1500736995,45954008,0.26179,10,buy
1500736966,45953958,0.26189,1108.161038,buy
1500736966,45953957,0.26111,27.881132,buy
1500736966,45953956,0.2611,63.95782954,buy
1500736954,45953946,0.2611,10,buy
1500736949,45953938,0.26111,10,buy
1500736945,45953930,0.26111,9.9,buy
1500736945,45953929,0.2611,0.1,buy
1500736941,45953921,0.26111,8,buy
1500736941,45953920,0.261,2,buy
1500736937,45953915,0.26099,9,buy
1500736937,45953914,0.26081,1,buy
1500736884,45953879,0.26,1681.579254,sell
1500736882,45953876,0.26,87.62846255,sell
1500736877,45953865,0.26,1293.919973,sell
1500736876,45953862,0.26,87.62846255,sell
1500736872,45953840,0.26,87.62846255,sell
1500736871,45953837,0.26,4381.423127,sell
1500736870,45953830,0.26,1929.724742,sell
1500736870,45953829,0.25964,48.505333,buy
1500736870,45953828,0.25951,1,buy
1500736870,45953827,0.25935,178.4203734,buy
1500736870,45953826,0.25824,42.17855,buy
1500736870,45953825,0.258,1534.4,buy
1500736870,45953824,0.25799,4035.918366,buy
1500736856,45953779,0.25821,65.6,sell
1500736854,45953770,0.25823,2948.090629,buy
1500736841,45953760,0.25821,1,buy
1500736803,45953709,0.2562,3.204416,sell
1500736796,45953701,0.2542,22245.54081,sell
1500736796,45953700,0.25429,13.50681306,sell
1500736796,45953699,0.25436,1,sell
1500736796,45953698,0.2546,201.9405879,sell
1500736796,45953697,0.255,60,sell
1500736796,45953696,0.255,3004,sell
1500736796,45953695,0.255,13.1,sell
1500736796,45953694,0.255,100,sell
1500736796,45953693,0.255,400,sell
1500736796,45953692,0.255,1000,sell
1500736796,45953691,0.2551,100,sell
1500736796,45953690,0.2551,300,sell
1500736796,45953689,0.25519,715,sell
1500736796,45953688,0.2552,1625.889594,sell
1500736796,45953687,0.25564,1,sell
1500736796,45953686,0.256,852.2924,sell
1500736796,45953685,0.256,3000,sell
1500736796,45953684,0.256,5372,sell
1500736796,45953683,0.256,100,sell
1500736796,45953682,0.256,870.7298,sell
1500736743,45953623,0.256,129.2702,sell
1500736614,45953406,0.25692,36.677,buy
1500736562,45953341,0.2564,1692.026632,sell
1500736425,45953171,0.25929,2,buy
1500736384,45953120,0.2606,1852.965652,buy
1500736376,45953108,0.2566,250,sell
1500736349,45953069,0.2564,50,sell
1500736324,45953021,0.2564,20,sell
1500736319,45953015,0.2619,20,buy
1500736317,45953014,0.2563,49.18600128,sell
1500736314,45953003,0.2563,2145.428539,sell
1500736314,45953002,0.25636,354.571461,sell
1500736314,45953001,0.25636,149.39054,sell
1500736314,45953000,0.25692,1,sell
1500736314,45952999,0.257,680,sell
1500736314,45952998,0.25701,275.71946,sell
1500736314,45952997,0.25701,98,sell
1500736314,45952996,0.25821,1,sell
1500736314,45952995,0.25951,1,sell
1500736294,45952983,0.26,99.9928865,sell
1500736253,45952910,0.26,5697.77,sell
1500736147,45952791,0.26,14.80361434,sell
1500736144,45952777,0.26,100,sell
1500736142,45952771,0.26,100,sell
1500736140,45952767,0.26,100,sell
1500736139,45952765,0.26,5127.986429,sell
1500736139,45952764,0.26,902,sell
1500736139,45952763,0.26,10362.29827,sell
1500736135,45952750,0.26,1000,sell
1500736135,45952749,0.26,5000,sell
1500736133,45952742,0.26,1000,sell
1500736131,45952727,0.26,1000,sell
1500736121,45952675,0.26,543.5532715,sell
1500736121,45952674,0.2601,1000,sell
1500736121,45952673,0.261,2000,sell
1500736121,45952672,0.2611,24.4,sell
1500735990,45952460,0.2601,7512.582,sell
1500735989,45952459,0.26329,40.01,buy
1500735989,45952458,0.2632,9.99,buy
1500735988,45952449,0.26,1820.769,sell
1500735988,45952448,0.2601,5155.2,sell
1500735985,45952434,0.26,7128.928938,sell
1500735985,45952433,0.26261,10.35706232,sell
1500735960,45952377,0.2633,100,buy
1500735955,45952364,0.2633,200,buy
1500735934,45952340,0.26,2144.450521,sell
1500735934,45952339,0.26,2665.518779,sell
1500735934,45952338,0.26,7,sell
1500735934,45952337,0.26,132.9254483,sell
1500735934,45952336,0.26,1178.019448,sell
1500735934,45952335,0.26081,1,sell
1500735933,45952334,0.261,1500,sell
1500735933,45952333,0.261,3500.25,sell
1500735933,45952332,0.26339,928.9085516,sell
1500735877,45952256,0.26339,71.09144845,buy
1500735871,45952244,0.2611,1328.641646,sell
1500735871,45952243,0.26147,63.10728093,sell
1500735871,45952242,0.2619,669.1540734,sell
1500735871,45952241,0.262,5241.7,sell
1500735862,45952226,0.2619,2239.344,sell
1500735862,45952225,0.262,5319.9,sell
1500735834,45952177,0.2619,91.50192665,sell
1500735834,45952176,0.26191,73.47632759,sell
1500735834,45952175,0.2621,3590.872273,sell
1500735834,45952174,0.26211,1,sell
1500735834,45952173,0.26218,2117.470751,sell
1500735834,45952172,0.26219,1334.957721,sell
1500735792,45952117,0.26219,91.469655,sell
1500735773,45952087,0.26219,5.97414574,sell
1500735654,45951915,0.26219,40,sell
1500735654,45951914,0.2625,10,sell
1500735623,45951862,0.2645,85,buy
1500735527,45951776,0.2643,54.4916093,sell
1500735526,45951775,0.2643,7553.296949,sell
1500735519,45951761,0.2643,0.49,sell
1500735497,45951734,0.26244,79,sell
1500735492,45951728,0.2644,10,buy
1500735491,45951727,0.2644,523,buy
1500735491,45951726,0.264,729,buy
1500735477,45951716,0.264,100,buy
1500735408,45951645,0.2623,143.3404496,sell
1500735247,45951500,0.2644,0.32451,buy
1500735233,45951476,0.2645,97.1,buy
1500735233,45951475,0.264,1.9,buy
1500735233,45951474,0.26342,1,buy
1500735216,45951446,0.262,4.21580035,sell
1500735166,45951360,0.26161,855.4241329,sell
1500735097,45951270,0.26219,100.7813201,buy
1500735082,45951234,0.262,724.4989674,buy
1500735066,45951226,0.262,222.3622055,buy
1500735066,45951225,0.26199,49.97891312,buy
1500735011,45951162,0.262,14.134,buy
1500734999,45951159,0.262,0.45,buy
1500734937,45951124,0.262,141.8656069,buy
1500734932,45951116,0.26101,100,sell
1500734911,45951083,0.262,100,buy
1500734903,45951072,0.262,0.1,buy
1500734892,45951060,0.262,63,buy
1500734873,45951044,0.262,179.1073282,buy
1500734777,45950944,0.262,20,buy
1500734733,45950905,0.26112,1,sell
1500734681,45950834,0.262,1089.593,buy
1500734630,45950776,0.262,10,buy
1500734577,45950690,0.262,2,buy
1500734562,45950656,0.2639,111.888892,sell
1500734561,45950655,0.2639,303.111108,sell
1500734441,45950445,0.26342,74.65696142,sell
1500734441,45950444,0.26342,1,sell
1500734417,45950379,0.2646,5,buy
1500734402,45950342,0.2649,40,buy
1500734363,45950272,0.2649,0.1,buy
1500734281,45950017,0.26116,603.07867,sell
1500734280,45950013,0.26116,500,sell
1500734280,45950012,0.26116,3289.131617,sell
1500734280,45950011,0.26211,1,sell
1500734280,45950010,0.26212,32.70955269,sell
1500734259,45949944,0.26408,0.00565187,sell
1500734259,45949943,0.26408,295.6,sell
1500734216,45949484,0.26414,622.1744769,sell
1500734216,45949483,0.2645,170,sell
1500734216,45949482,0.26471,7.82552313,sell
1500734199,45949416,0.2648,583.382115,sell
1500734080,45949058,0.26471,0.14,sell
1500734072,45949020,0.2648,488.4,buy
1500734072,45949019,0.26474,10,buy
1500734072,45949018,0.26474,1,buy
1500734072,45949017,0.26473,0.2,buy
1500734072,45949016,0.26472,0.2,buy
1500734072,45949015,0.26471,0.2,buy
1500733687,45948323,0.26101,262.4111283,sell
1500733687,45948322,0.262,221.9384683,sell
1500733687,45948321,0.2638,2515.650403,sell
1500733648,45948299,0.2638,4957.781514,sell
1500733620,45948280,0.2638,1997.123944,sell
1500733619,45948278,0.2638,4647.832744,sell
1500733557,45948205,0.2638,881.611395,sell
1500733533,45948177,0.2639,289.5874323,buy
1500733532,45948173,0.2639,970.6171868,buy
1500733532,45948172,0.2639,1651.646941,buy
1500733530,45948166,0.262,0.1,sell
1500733513,45948149,0.264,248.537129,buy
1500733513,45948148,0.26342,1,buy
1500733471,45948123,0.262,0.1,sell
1500733389,45948026,0.264,169.851476,buy
1500733389,45948025,0.2625,0.05763991,buy
1500733388,45948020,0.2625,140.9423601,buy
1500733345,45947951,0.262,22.1,sell
1500733321,45947916,0.262,360.064743,sell
1500733296,45947889,0.262,227.6967888,sell
1500733296,45947888,0.26211,1,sell
1500733296,45947887,0.26211,70.64984285,sell
1500733296,45947886,0.26287,36.96832412,sell
1500733296,45947885,0.26287,704.3250443,sell
1500733296,45947884,0.263,1052.22,sell
1500733296,45947883,0.263,7906.14,sell
1500733296,45947882,0.26342,1,sell
1500733245,45947815,0.2661,9175.7583,buy
1500733245,45947814,0.266,37.376,buy
1500733245,45947813,0.266,9890.9,buy
1500733241,45947805,0.26287,6683.824956,sell
1500733241,45947804,0.26287,5416.976427,sell
1500733241,45947803,0.26287,7899.198617,sell
1500733170,45947695,0.263,20000,sell
1500733107,45947633,0.266,37.376,sell
1500733074,45947566,0.2665,13963.28232,buy
1500733074,45947565,0.2663,9964.6,buy
1500733065,45947552,0.266,854.0620143,sell
1500733064,45947548,0.266,2924.960774,sell
1500733064,45947545,0.266,1886.520127,sell
1500733063,45947539,0.266,1886.620032,sell
1500733061,45947534,0.26658,1300,buy
1500733061,45947533,0.26658,69.10365822,buy
1500733061,45947532,0.26628,6.98416565,buy
1500733061,45947531,0.26606,1,buy
1500733057,45947523,0.266,2447.837053,sell
1500733057,45947522,0.266,5329.162947,sell
1500733056,45947521,0.266,2347.822459,buy
1500733056,45947520,0.266,999,buy
1500733056,45947519,0.266,40.51228545,buy
1500733056,45947518,0.26549,97.561549,buy
1500733056,45947517,0.26514,4.70564352,buy
1500733056,45947516,0.265,12,buy
1500733056,45947515,0.2649,300,buy
1500733056,45947514,0.2648,7799.235116,buy
1500733032,45947507,0.26288,215.3784525,sell
1500733032,45947506,0.26342,1,sell
1500732987,45947469,0.2648,1106.11,buy
1500732983,45947460,0.2648,97,buy
1500732903,45947379,0.2648,33.31943398,buy
1500732897,45947376,0.2648,1435.035461,buy
1500732897,45947375,0.26479,34.96453869,buy
1500732803,45947307,0.26277,0.1,sell
1500732794,45947296,0.26474,1,buy
1500732794,45947295,0.264,0.00001073,buy
1500732721,45947238,0.26222,0.1,sell
1500732701,45947205,0.264,846.5975315,buy
1500732701,45947204,0.2639,0.000005,buy
1500732696,45947183,0.2639,299.999995,buy
1500732659,45947072,0.264,4000,buy
1500732607,45947013,0.264,5000,buy
1500732586,45946984,0.264,57.54601367,buy
1500732581,45946976,0.264,100,buy
1500732579,45946975,0.264,100,buy
1500732578,45946974,0.264,100,buy
1500732577,45946972,0.264,100,buy
1500732572,45946967,0.264,1000,buy
1500732571,45946965,0.264,1000,buy
1500732569,45946957,0.264,1000,buy
1500732557,45946940,0.264,4184.820359,buy
1500732549,45946924,0.264,373.7081125,buy
1500732548,45946920,0.264,7137.327972,buy
1500732548,45946919,0.264,3712.682,buy
1500732548,45946918,0.264,2.42712165,buy
1500732548,45946917,0.26388,2900,buy
1500732548,45946916,0.26383,349.7557173,buy
1500732548,45946915,0.2637,3500,buy
1500732548,45946914,0.26361,84.83613,buy
1500732548,45946913,0.2635,829.6766,buy
1500732548,45946912,0.26349,1482.29,buy
1500732548,45946911,0.26342,1,buy
1500732548,45946910,0.26308,0.00445893,buy
1500732516,45946824,0.26212,1932.183685,sell
1500732515,45946806,0.26308,693.8804651,buy
1500732515,45946803,0.26286,178.8753789,buy
1500732515,45946799,0.26286,5206.210731,buy
1500732515,45946798,0.26285,7442.589,buy
1500732492,45946743,0.26295,2028.631971,buy
1500732475,45946696,0.26305,27.15948139,buy
1500732471,45946687,0.26308,0.52507594,buy
1500732470,45946685,0.263,770.7664356,sell
1500732469,45946680,0.263,1302.701962,sell
1500732456,45946658,0.263,1388.086834,sell
1500732456,45946657,0.263,2065.045333,sell
1500732455,45946648,0.263,770.7664356,sell
1500732454,45946646,0.263,899,buy
1500732454,45946645,0.26239,803.633,buy
1500732446,45946627,0.26246,1,buy
1500732438,45946624,0.26254,1,buy
1500732427,45946606,0.26264,1,buy
1500732380,45946543,0.26211,1,buy
1500732300,45946380,0.26185,27.32798532,sell
1500732270,45946324,0.26189,200,buy
1500732270,45946321,0.26189,192.0815175,buy
1500732249,45946276,0.26185,73.770548,buy
1500732247,45946274,0.2618,250,buy
1500732194,45946087,0.2618,7625.610072,buy
1500732107,45945946,0.261,3000,sell
1500732083,45945925,0.2609,499.75,buy
1500732034,45945856,0.26081,1,buy
1500731996,45945782,0.26001,2,sell
1500731984,45945763,0.26001,2,sell
1500731936,45945682,0.26001,90,sell
1500731906,45945631,0.26001,3400.716098,sell
1500731905,45945628,0.26001,618.1998936,sell
1500731897,45945609,0.26025,216.3784525,sell
1500731897,45945608,0.26025,0.05914171,sell
1500731855,45945550,0.2607,1.91910686,sell
1500731848,45945545,0.26026,1137.070822,buy
1500731844,45945540,0.26025,2499.940858,sell
1500731818,45945510,0.26076,1,buy
1500731809,45945503,0.25951,1,buy
1500731704,45945325,0.25821,1,buy
1500731646,45945264,0.25724,0.31,sell
1500731581,45945158,0.257,32535.66536,buy
1500731577,45945156,0.257,7209.279,buy
1500731557,45945110,0.257,1628.932169,buy
1500731436,45944921,0.2565,3874.44,sell
1500731367,45944821,0.25664,0.45,sell
1500731274,45944617,0.25838,300,buy
1500731248,45944576,0.25692,1,sell
1500731242,45944566,0.25821,1,sell
1500731207,45944522,0.25601,264.8601181,sell
1500731179,45944482,0.256,1277.531267,sell
1500731179,45944481,0.25601,1007,sell
1500731105,45944364,0.256,2000,sell
1500731105,45944363,0.2565,1000,sell
1500731085,45944326,0.25696,434.378444,buy
1500731073,45944288,0.25698,0.12528348,buy
1500731058,45944265,0.2571,3058.219,buy
1500731058,45944264,0.25709,7411.481,buy
1500731040,45944236,0.25999,292.7305484,buy
1500731015,45944210,0.2607,11850.65929,buy
1500731015,45944209,0.2607,19987.8,buy
1500731015,45944208,0.2602,64.148302,buy
1500731015,45944207,0.26019,382.8656729,buy
1500731015,45944206,0.26,700,buy
1500731015,45944205,0.25951,1,buy
1500731015,45944204,0.2588,2125.374745,buy
1500731015,45944203,0.25879,3904.0294,buy
1500731015,45944202,0.25821,1,buy
1500731015,45944201,0.25818,356.0212323,buy
1500731015,45944200,0.25763,1902.091077,buy
1500731015,45944199,0.2576,10000,buy
1500731015,45944198,0.25692,1,buy
1500731015,45944197,0.25638,18.487041,buy
1500731015,45944196,0.2561,8000,buy
1500731015,45944195,0.25602,5034.311,buy
1500731015,45944194,0.25601,4569.76,buy
1500730973,45944128,0.25638,1.512959,buy
1500730857,45943908,0.256,20,buy
1500730857,45943907,0.25599,5.52002638,buy
1500730852,45943878,0.25581,1000,buy
1500730809,45943796,0.25583,1984.728527,buy
1500730809,45943795,0.25583,15.27147278,buy
1500730794,45943752,0.2551,59.88252724,sell
1500730794,45943751,0.25511,14.96747276,sell
1500730655,45943572,0.25654,308.4093562,buy
1500730655,45943571,0.25564,1,buy
1500730645,45943562,0.2548,1248,sell
1500730555,45943392,0.2551,458.2519736,buy
1500730555,45943391,0.2551,799,buy
1500730555,45943390,0.25438,113.0123143,buy
1500730555,45943389,0.25429,0.03571213,buy
1500730471,45943101,0.25429,1166.831914,buy
1500730471,45943100,0.254,275.268086,buy
1500730448,45943031,0.2538,10.44715457,sell
1500730442,45943020,0.2538,183.2910793,sell
1500730438,45943015,0.25424,356.3135864,sell
1500730412,45942966,0.25424,0.06408765,buy
1500730402,45942954,0.2537,104.8432935,buy
1500730402,45942953,0.2537,2818.200137,buy
1500730395,45942946,0.2536,7.1398486,sell
1500730376,45942926,0.2537,100,buy
1500730374,45942925,0.2536,20,sell
1500730350,45942894,0.2537,1000,sell
1500730350,45942893,0.2537,1587.678756,sell
1500730323,45942836,0.2537,316,buy
1500730314,45942806,0.25371,0.125,sell
1500730314,45942805,0.254,1000,sell
1500730314,45942804,0.254,7087.243422,sell
1500730314,45942803,0.254,316,sell
1500730306,45942775,0.254,1729.74,sell
1500730302,45942764,0.254,100,sell
1500730279,45942675,0.254,40.32438393,sell
1500730275,45942656,0.25418,310.029415,buy
1500730257,45942628,0.25424,0.06091235,sell
1500730211,45942486,0.25424,410.8226622,sell
1500730199,45942451,0.254,726.6921941,sell
1500730199,45942450,0.25417,0.125,sell
1500730197,45942445,0.25424,1524.875,sell
1500730197,45942444,0.25424,0.125,sell
1500730149,45942321,0.25436,4.50733347,sell
1500730149,45942320,0.25436,1000,sell
1500730149,45942319,0.25436,1,sell
1500730138,45942283,0.25462,2000,sell
1500730138,45942282,0.25462,0.125,sell
1500730057,45942138,0.255,6.86274509,buy
1500730056,45942136,0.255,10,buy
1500730034,45942099,0.255,700,buy
1500730008,45942019,0.255,647.5555824,buy
1500730008,45942018,0.255,2.44441756,buy
1500730008,45942017,0.255,100,buy
1500729958,45941926,0.255,341.3066135,sell
1500729952,45941911,0.255,499.64,sell
1500729920,45941882,0.255,4783.389134,sell
1500729900,45941853,0.255,3675.664253,sell
1500729887,45941827,0.2551,1,buy
1500729837,45941688,0.255,700,sell
1500729804,45941605,0.2551,700,buy
1500729728,45941415,0.255,1000,sell
1500729728,45941414,0.255,300,sell
1500729728,45941413,0.255,2000,sell
1500729728,45941412,0.255,1206.568447,sell
1500729727,45941400,0.2551,458.258451,sell
1500729727,45941399,0.2551,541.741549,sell
1500729727,45941398,0.2551,958.258451,sell
1500729725,45941395,0.2551,8599.176982,sell
1500729722,45941389,0.2552,1500,sell
1500729704,45941335,0.2551,8471.514726,sell
1500729703,45941329,0.2551,750.078198,sell
1500729697,45941310,0.2551,657.462002,sell
1500729697,45941303,0.25589,1,buy
1500729696,45941302,0.2551,750.144016,sell
1500729694,45941292,0.2551,4813.365625,sell
1500729694,45941291,0.25511,4963.225543,sell
1500729692,45941285,0.2559,1000,buy
1500729673,45941247,0.25592,1350,buy
1500729673,45941246,0.25591,3650,buy
1500729659,45941201,0.25511,700,sell
1500729617,45941081,0.2551,842.65668,sell
1500729617,45941080,0.2555,3157.34332,sell
1500729568,45940993,0.257,1406.243214,sell
1500729567,45940989,0.257,2243.756786,sell
1500729560,45940958,0.25759,20,buy
1500729545,45940852,0.2576,588,buy
1500729534,45940841,0.25692,1,sell
1500729517,45940802,0.25786,49.42073055,buy
1500729514,45940793,0.25788,56.30801328,buy
1500729512,45940790,0.25788,960.8600285,buy
1500729512,45940789,0.25788,39.13997153,buy
1500729511,45940786,0.2579,56.30801328,buy
1500729509,45940780,0.2555,1508.073264,sell
1500729509,45940779,0.2556,1006.7,sell
1500729509,45940778,0.25564,1,sell
1500729509,45940777,0.2557,829.6766,sell
1500729509,45940776,0.2557,2,sell
1500729500,45940742,0.2579,56.30801328,buy
1500729481,45940663,0.258,6,buy
1500729471,45940639,0.2581,75.89703906,buy
1500729452,45940590,0.2582,2744.397568,buy
1500729452,45940589,0.25776,999.8410636,buy
1500729452,45940588,0.2575,203.44,buy
1500729452,45940587,0.25749,2245.657493,buy
1500729452,45940586,0.25741,7380.373,buy
1500729452,45940585,0.2574,7535.913,buy
1500729440,45940574,0.256,155.842876,buy
1500729409,45940519,0.25699,155.842876,buy
1500729363,45940433,0.25774,688.8387378,buy
1500729353,45940424,0.257,24.31432666,sell
1500729353,45940423,0.25782,688.8387378,buy
1500729310,45940380,0.2582,688.8387378,buy
1500729286,45940362,0.2584,874,buy
1500729286,45940361,0.25821,1,buy
1500729169,45940182,0.257,8.93567334,sell
1500729169,45940181,0.257,0.06432666,sell
1500729138,45940090,0.25734,927.5290682,buy
1500729109,45940057,0.257,649.9356733,sell
1500729088,45939993,0.25775,1248.617027,buy
1500729088,45939992,0.25692,1,buy
1500729044,45939919,0.25823,980,buy
1500729031,45939904,0.2584,1685.028353,buy
1500729009,45939881,0.25574,53.03574753,sell
1500729009,45939880,0.257,20,sell
1500728941,45939712,0.25774,2270.13,buy
1500728919,45939681,0.25791,100,buy
1500728895,45939640,0.25803,5716.26129,buy
1500728833,45939515,0.2555,20583.44708,sell
1500728833,45939514,0.25564,1,sell
1500728833,45939513,0.256,10000,sell
1500728833,45939512,0.2561,1300,sell
1500728833,45939511,0.25692,1000,sell
1500728833,45939510,0.25692,1,sell
1500728833,45939509,0.2572,1307.482891,sell
1500728662,45939294,0.2572,819.1993372,sell
1500728662,45939293,0.258,9.5,sell
1500728662,45939292,0.25811,1264.116868,sell
1500728662,45939291,0.25811,22.5317948,sell
1500728662,45939290,0.25821,1,sell
1500728662,45939289,0.25942,83.652,sell
1500728661,45939286,0.25948,3976.18148,buy
1500728654,45939277,0.25931,41.348,buy
1500728631,45939247,0.25907,69.61792058,sell
1500728585,45939144,0.2593,620,sell
1500728585,45939143,0.25939,1172.077283,sell
1500728582,45939120,0.2596,178.5577812,sell
1500728570,45939097,0.25978,6214.811161,buy
1500728570,45939096,0.25978,15.18883861,buy
1500728550,45939074,0.25939,978.0203018,sell
1500728550,45939073,0.2594,20.97960209,sell
1500728538,45939047,0.26004,4,buy
1500728531,45938993,0.26004,20,buy
1500728505,45938926,0.26018,800,buy
1500728490,45938910,0.26018,8194.196,buy
1500728490,45938909,0.25989,3761.704,buy
1500728490,45938908,0.25988,0.1,buy
1500728483,45938900,0.25939,2000,sell
1500728410,45938787,0.25939,100,sell
1500728406,45938781,0.25939,129.2702,sell
1500728398,45938770,0.25996,4.11950577,buy
1500728336,45938677,0.25939,620.6322152,sell
1500728336,45938676,0.2594,1000,sell
1500728336,45938675,0.25941,20,sell
1500728311,45938649,0.25987,20,buy
1500728151,45938458,0.2594,0.1,buy
1500728134,45938443,0.25951,28,buy
1500728107,45938431,0.25961,500,buy
1500728091,45938415,0.25999,199.9,buy
1500728091,45938414,0.25979,0.1,buy
1500728086,45938408,0.2598,106.5093455,sell
1500728086,45938407,0.2598,0.1,sell
1500728071,45938395,0.25997,1599.9,buy
1500728071,45938394,0.25997,0.1,buy
1500728043,45938371,0.25979,5402.80829,buy
1500728043,45938370,0.2594,70,buy
1500728043,45938369,0.25938,26.51519076,buy
1500728043,45938368,0.25938,0.5,buy
1500728043,45938367,0.25874,2129.187719,buy
1500728043,45938366,0.25809,0.5,buy
1500728043,45938365,0.258,1260.4888,buy
1500727978,45938290,0.258,1,buy
1500727971,45938275,0.258,1,buy
1500727962,45938261,0.258,1,buy
1500727878,45938162,0.258,335.8927456,buy
1500727863,45938146,0.258,200.6184542,buy
1500727862,45938145,0.258,200,buy
1500727818,45938093,0.25682,0.5,sell
1500727817,45938086,0.25868,2.50166367,buy
1500727815,45938066,0.25872,58.23406032,buy
1500727815,45938065,0.25869,23.03180055,buy
1500727800,45938013,0.25681,106.5093455,buy
1500727800,45938012,0.25641,70,sell
1500727800,45938011,0.257,10,sell
1500727800,45938010,0.25701,23.49065446,sell
1500727621,45937823,0.255,517.9464129,sell
1500727621,45937822,0.25501,1467.893587,sell
1500727621,45937821,0.25501,1281.593933,sell
1500727621,45937820,0.25501,11015.3197,sell
1500727621,45937819,0.2552,1,sell
1500727621,45937818,0.2554,2000,sell
1500727621,45937817,0.2554,203.770526,sell
1500727621,45937816,0.2555,10000,sell
1500727621,45937815,0.25552,0.5,sell
1500727621,45937814,0.256,22,sell
1500727621,45937813,0.2568,0.5,sell
1500727621,45937812,0.25687,57.49725797,sell
1500727621,45937811,0.2571,40,sell
1500727621,45937810,0.2571,1439.232498,sell
1500727497,45937567,0.25843,1100,buy
1500727488,45937555,0.2585,2999.9,buy
1500727488,45937554,0.25849,0.1,buy
1500727421,45937472,0.2571,77,sell
1500727337,45937390,0.2571,4483.767502,sell
1500727337,45937389,0.25711,6845.2,sell
1500727337,45937388,0.25711,1154.8,sell
1500727337,45937387,0.2572,104.9484927,sell
1500727321,45937339,0.26,1809.960096,sell
1500727321,45937338,0.26,382.865673,sell
1500727321,45937335,0.26,12250.13286,sell
1500727321,45937330,0.26,122.671694,sell
1500727319,45937324,0.26,186.1077771,sell
1500727319,45937316,0.26,100.957796,sell
1500727318,45937313,0.26,4381.423127,sell
1500727317,45937296,0.26,675.729106,sell
1500727317,45937294,0.26,499.998,sell
1500727317,45937292,0.26,7777,sell
1500727317,45937290,0.26,2474.777673,sell
1500727317,45937288,0.26,7559.93,buy
1500727317,45937287,0.25999,395,buy
1500727317,45937286,0.25868,6845.2,buy
1500727317,45937285,0.25867,382.8656729,buy
1500727317,45937284,0.25866,0.1,buy
1500727317,45937283,0.25866,1205.861371,buy
1500727317,45937282,0.25866,7567.021,buy
1500727317,45937281,0.25865,7605.906,buy
1500727282,45937201,0.25891,2999.9,buy
1500727282,45937200,0.2589,0.1,buy
1500727248,45937166,0.25916,1099.9,buy
1500727248,45937165,0.25916,0.1,buy
1500727223,45937108,0.2585,525.7014906,buy
1500727223,45937107,0.25836,574.2985094,buy
1500727215,45937082,0.25835,0.1,buy
1500727064,45936818,0.2595,203.770526,buy
1500726956,45936661,0.25818,12,sell
1500726955,45936657,0.2594,734.5021353,buy
1500726955,45936656,0.25851,0.36,buy
1500726955,45936655,0.25822,353.0189165,buy
1500726955,45936654,0.25822,574.2985094,buy
1500726955,45936653,0.25821,382.8656729,buy
1500726955,45936652,0.25821,260.7236843,buy
1500726955,45936651,0.25821,0.1,buy
1500726955,45936650,0.25809,153.4325722,buy
1500726955,45936649,0.25809,280.6985094,buy
1500726954,45936647,0.25809,293.6,buy
1500726954,45936646,0.258,9706.4,buy
1500726936,45936614,0.25665,2.09394676,sell
1500726933,45936604,0.257,100,sell
1500726911,45936565,0.25839,10,buy
1500726908,45936558,0.25841,1284.162257,buy
1500726907,45936557,0.25843,10,buy
1500726897,45936540,0.2585,0.05995425,sell
1500726883,45936517,0.25853,50,buy
1500726874,45936495,0.25851,50,buy
1500726866,45936482,0.25852,50,buy
1500726860,45936459,0.2585,2352.907599,sell
1500726858,45936447,0.2585,8955.358388,sell
1500726857,45936440,0.25857,55,buy
1500726857,45936439,0.25857,50,buy
1500726856,45936434,0.2585,5677.066369,sell
1500726855,45936423,0.2585,703.451488,sell
1500726854,45936414,0.2585,5677.066358,sell
1500726853,45936403,0.2585,124.677711,sell
1500726853,45936402,0.2585,574.2985094,sell
1500726853,45936399,0.2585,574.2985094,sell
1500726853,45936398,0.2585,574.2985094,sell
1500726853,45936397,0.2585,574.2985094,sell
1500726852,45936395,0.2585,33.88749137,sell
1500726851,45936383,0.2585,75.59017632,sell
1500726851,45936380,0.2585,260.5228549,sell
1500726851,45936378,0.25859,55,buy
1500726851,45936376,0.2585,99.3884805,sell
1500726851,45936375,0.2585,62.52357589,sell
1500726851,45936373,0.2585,62.52357589,sell
1500726851,45936372,0.2585,973.0291594,sell
1500726851,45936371,0.2585,126.9168469,sell
1500726850,45936370,0.2585,8933.011309,sell
1500726850,45936369,0.2585,75.59017632,sell
1500726850,45936367,0.2585,55.41301462,sell
1500726849,45936361,0.2585,5676.821434,sell
1500726847,45936357,0.2585,7777,sell
1500726843,45936330,0.25869,54.9,buy
1500726843,45936329,0.25868,0.1,buy
1500726815,45936222,0.25929,1884.102306,buy
1500726815,45936221,0.25929,0.1,buy
1500726788,45936144,0.2597,1137.540212,buy
1500726788,45936143,0.25686,1884.202306,buy
1500726773,45936087,0.25686,220,buy
1500726767,45936072,0.25686,220,buy
1500726764,45936059,0.25686,63.23267,buy
1500726759,45936033,0.25686,220,buy
1500726756,45936019,0.25686,125.8664066,buy
1500726739,45935874,0.25686,774.018268,buy
1500726735,45935837,0.25686,1027.81677,buy
1500726733,45935834,0.25686,1,buy
1500726731,45935825,0.25686,16.50154948,buy
1500726727,45935822,0.25686,1,buy
1500726722,45935808,0.25603,2.87434399,sell
1500726713,45935790,0.25686,1,buy
1500726709,45935772,0.25686,1,buy
1500726702,45935759,0.25686,1,buy
1500726699,45935756,0.25686,1,buy
1500726692,45935723,0.25686,348.3068536,buy
1500726673,45935636,0.25686,130,buy
1500726646,45935565,0.25686,218.3068536,buy
1500726646,45935564,0.25684,40.38721678,buy
1500726646,45935563,0.25641,3.5033547,buy
1500726646,45935562,0.2564,32.19883064,buy
1500726646,45935561,0.256,160.6037443,buy
1500726642,45935552,0.256,290.651923,buy
1500726641,45935549,0.256,129.115382,buy
1500726641,45935547,0.256,129.115382,buy
1500726639,45935542,0.256,75.63084862,buy
1500726638,45935540,0.256,387.2777044,buy
1500726638,45935538,0.256,75.63084862,buy
1500726625,45935485,0.256,1634.549421,buy
1500726625,45935484,0.2559,4611.198902,buy
1500726624,45935471,0.2559,291.0350884,buy
1500726623,45935465,0.2559,455,buy
1500726623,45935461,0.2559,290.939286,buy
1500726617,45935441,0.2559,235.8194283,buy
1500726613,45935428,0.2559,387.346155,buy
1500726598,45935372,0.25502,4.41020543,sell
1500726597,45935368,0.2552,203.770526,buy
1500726593,45935361,0.25509,29.63861554,sell
1500726591,45935354,0.25501,100,sell
1500726581,45935330,0.255,786.0407229,sell
1500726581,45935329,0.255,213.9592771,sell
1500726579,45935326,0.255,786.0407229,sell
1500726579,45935325,0.255,213.9592771,sell
1500726578,45935321,0.255,313.4442799,sell
1500726578,45935320,0.25506,686.5557201,sell
1500726576,45935316,0.25506,313.4442799,sell
1500726576,45935315,0.25507,321.8216368,sell
1500726576,45935314,0.25507,364.7340833,sell
1500726559,45935289,0.255,247.8235961,sell
1500726559,45935288,0.25501,0.15140391,sell
1500726559,45935287,0.25505,105.9,sell
1500726559,45935286,0.25508,0.125,sell
1500726558,45935284,0.25512,4655.750323,sell
1500726558,45935283,0.25513,321.7459526,sell
1500726558,45935282,0.25554,0.125,sell
1500726552,45935278,0.2559,127.43,buy
1500726537,45935270,0.256,0.125,buy
1500726515,45935247,0.256,1,buy
1500726483,45935147,0.256,1600,buy
1500726482,45935146,0.256,1,buy
1500726480,45935145,0.256,200,buy
1500726480,45935143,0.256,690,sell
1500726480,45935142,0.25601,23.3810936,sell
1500726446,45935096,0.2565,11,buy
1500726431,45935082,0.2565,3419.059969,buy
1500726431,45935081,0.25649,23.99404319,buy
1500726366,45934999,0.256,171.1711712,buy
1500726290,45934909,0.25682,1,buy
1500726236,45934836,0.25686,1,buy
1500726232,45934834,0.25686,1,buy
1500726228,45934816,0.25686,1,buy
1500726223,45934796,0.25686,1,buy
1500726198,45934758,0.25688,6241.748323,sell
1500726191,45934742,0.25688,1600,sell
1500726191,45934741,0.25688,1598,sell
1500726191,45934740,0.257,2,sell
1500726180,45934725,0.25686,910.8388999,buy
1500726180,45934724,0.25686,157.976513,buy
1500726178,45934722,0.25686,1,buy
1500726174,45934714,0.25688,1,buy
1500726171,45934713,0.255,224.7728469,sell
1500726171,45934712,0.255,1942.582057,sell
1500726171,45934711,0.2551,1000,sell
1500726171,45934710,0.2552,511,sell
1500726171,45934709,0.25521,321.6450958,sell
1500726163,45934702,0.25688,1,buy
1500726161,45934699,0.25688,1,buy
1500726152,45934676,0.25688,1,buy
1500726149,45934674,0.25688,1,buy
1500726148,45934671,0.25688,1,buy
1500726144,45934663,0.25654,15.82605433,sell
1500726140,45934648,0.25654,5.79811739,sell
1500726136,45934625,0.25654,15.82624962,sell
1500726131,45934591,0.25654,15.82605433,sell
1500726128,45934577,0.25654,15.82566375,sell
1500726121,45934563,0.257,10,sell
1500726101,45934538,0.25654,5223.7,sell
1500726098,45934513,0.25649,7489.251,buy
1500726098,45934512,0.25648,7287.049,buy
1500726094,45934505,0.25654,910.8388999,sell
1500726094,45934504,0.25654,13979.20491,sell
1500726094,45934500,0.25654,5109.956195,sell
1500726094,45934499,0.25654,0.06523888,sell
1500726086,45934475,0.25654,2048.84429,sell
1500726085,45934467,0.25654,5093.055214,sell
1500726083,45934464,0.25654,7777,sell
1500726083,45934461,0.25654,5081.035257,sell
1500726071,45934443,0.25654,5262.585,sell
1500726070,45934439,0.25647,7605.906,buy
1500726070,45934438,0.25646,7131.509,buy
1500726065,45934434,0.2565,103.6576305,buy
1500725955,45934260,0.255,6643.227747,sell
1500725920,45934165,0.255,1414.190196,sell
1500725920,45934164,0.25582,500,sell
1500725875,45934057,0.2569,4932.70747,sell
1500725874,45934045,0.2569,5067.29253,sell
1500725842,45933976,0.257,395,sell
1500725841,45933971,0.257,566.8,sell
1500725827,45933903,0.257,433.2,sell
1500725827,45933902,0.257,10,sell
1500725755,45933769,0.25604,2158.65,sell
1500725744,45933745,0.2584,6249.869508,buy
1500725744,45933744,0.25839,0.1,buy
1500725733,45933715,0.25601,820.865594,sell
1500725730,45933702,0.2585,3909.735643,sell
1500725729,45933701,0.2585,896.102763,sell
1500725729,45933699,0.25846,820.865594,buy
1500725729,45933698,0.25842,1287.149,buy
1500725728,45933696,0.25842,5999.9,buy
1500725728,45933695,0.25842,0.1,buy
1500725725,45933692,0.25844,6913.753,buy
1500725725,45933691,0.25844,0.1,buy
1500725723,45933684,0.25591,820.865594,sell
1500725703,45933625,0.2587,120.571332,sell
1500725703,45933624,0.2587,289.090668,sell
1500725702,45933623,0.25866,55.781132,buy
1500725702,45933622,0.25834,6259.112,buy
1500725702,45933621,0.25833,382.8656729,buy
1500725702,45933620,0.25832,0.1,buy
1500725700,45933615,0.2569,10000,sell
1500725700,45933614,0.257,261.6461015,sell
1500725664,45933500,0.257,5.99,sell
1500725663,45933497,0.2572,48.505333,buy
1500725637,45933430,0.257,3540.059,sell
1500725633,45933414,0.257,31.84814663,sell
1500725628,45933399,0.25691,160.3567519,buy
1500725628,45933398,0.2569,0.1,buy
1500725628,45933397,0.25664,6000,buy
1500725621,45933382,0.25664,8944.76911,buy
1500725621,45933381,0.25663,1055.23089,buy
1500725609,45933345,0.25664,10000,buy
1500725608,45933344,0.25664,5055.23089,buy
1500725608,45933343,0.25662,4944.76911,buy
1500725599,45933323,0.25663,2206.894044,buy
1500725599,45933322,0.25663,7793.105956,buy
1500725572,45933251,0.25582,42.17855,buy
1500725554,45933107,0.255,134.617524,buy
1500725554,45933106,0.25452,36.677,buy
1500725547,45933058,0.254,5657.484219,sell
1500725547,45933057,0.254,0.2272501,sell
1500725547,45933056,0.254,4342.288531,sell
1500725542,45933027,0.255,10,buy
1500725535,45933012,0.254,199.8,sell
1500725519,45932961,0.254,3957.911469,sell
1500725519,45932960,0.254,2042.088531,sell
1500725519,45932959,0.254,1.90828093,sell
