Timestamp,TradeId,Price,Amount,Type
1501372793,47744468,0.00010134,18.50052441,sell
1501372759,47744245,0.00010102,2.64327372,sell
1501372757,47744208,0.00010101,2.64327372,buy
1501372754,47744180,0.000101,3.01468385,sell
1501372754,47744167,0.000101,6.98531615,sell
1501372619,47743791,0.0001006,4.90891775,sell
1501372619,47743790,0.0001006,2.26095608,sell
1501372601,47743731,0.0001006,7.73904392,sell
1501372600,47743722,0.00010066,13.14659887,sell
1501372600,47743703,0.00010066,3.70056825,sell
1501372600,47743702,0.0001007,3.70481393,sell
1501372600,47743701,0.0001007,6.29518607,sell
1501372600,47743700,0.0001008,6.85241073,sell
1501372600,47743697,0.0001008,3.14758927,sell
1501372600,47743696,0.0001009,10.0,sell
1501372600,47743695,0.000101,0.00000331,sell
1501372590,47743658,0.000101,6.90730711,sell
1501372589,47743656,0.000101,3.09268958,sell
1501372589,47743655,0.0001011,10.0,sell
1501372528,47743414,0.00010194,6640.43940883,buy
1501372528,47743413,0.0001018,200.0,buy
1501372528,47743412,0.0001014,4.95,buy
1501372390,47743060,0.0001014,170.0,buy
1501372354,47742975,0.00010005,540.62216663,sell
1501372354,47742974,0.0001002,5.0,sell
1501372354,47742973,0.0001003,5.0,sell
1501372354,47742972,0.0001004,5.0,sell
1501372354,47742971,0.00010043,3648.1581,sell
1501372354,47742970,0.00010047,2851.85718423,sell
1501372354,47742969,0.00010048,4333.368,sell
1501372354,47742968,0.0001005,5.0,sell
1501372354,47742967,0.0001006,5.0,sell
1501372354,47742966,0.0001007,5.0,sell
1501372354,47742965,0.0001008,5.0,sell
1501372354,47742964,0.0001009,5.0,sell
1501372354,47742963,0.000101,5.0,sell
1501372354,47742962,0.0001011,5.0,sell
1501372354,47742961,0.0001012,192.77301175,sell
1501372354,47742960,0.0001012,5.0,sell
1501372354,47742959,0.0001013,5.0,sell
1501372327,47742891,0.00010145,25.05,sell
1501372172,47742638,0.00010161,37.43237644,sell
1501372130,47742532,0.00010161,38.22546677,sell
1501372091,47742469,0.00010161,63.6227821,sell
1501372030,47742393,0.00010161,12.99524561,sell
1501372007,47742340,0.00010161,59.80405334,sell
1501372000,47742306,0.00010161,59.79539706,sell
1501371952,47742088,0.00010161,63.69728855,sell
1501371943,47742069,0.00010161,99.899995,sell
1501371941,47742057,0.00010161,87.04332362,sell
1501371940,47742055,0.00010161,87.04332492,sell
1501371877,47741733,0.00010161,64.80785073,sell
1501371834,47741582,0.00010161,2837.313195,sell
1501371833,47741575,0.00010161,59.89943806,sell
1501371832,47741571,0.00010161,59.90160943,sell
1501371813,47741513,0.00010193,100.0,buy
1501371811,47741506,0.00010193,46.02862907,buy
1501371784,47741403,0.00010161,971.68322737,sell
1501371780,47741378,0.00010161,5.45406944,sell
1501371779,47741374,0.00010161,5.45406944,sell
1501371763,47741276,0.00010161,465.29,sell
1501371751,47741253,0.00010163,12.78759918,sell
1501371751,47741252,0.00010163,10.39614805,sell
1501371751,47741249,0.00010163,12.78759918,sell
1501371724,47741156,0.00010163,32.80875647,sell
1501371394,47740354,0.000102,500.0,buy
1501371311,47740127,0.00010199,500.0,buy
1501371266,47739990,0.00010199,87.13045557,buy
1501371261,47739966,0.00010199,346.10205882,buy
1501371240,47739882,0.00010164,6.80863935,sell
1501371240,47739875,0.00010199,54.83814652,buy
1501371229,47739842,0.00010199,487.25169134,buy
1501371216,47739797,0.00010199,87.13045557,buy
1501371089,47739262,0.000102,7.26694349,buy
1501371088,47739255,0.000102,8.14818788,buy
1501371087,47739242,0.000102,7.26694349,buy
1501371086,47739236,0.000102,1.57765836,buy
1501371063,47739129,0.000102,14.95903541,buy
1501371063,47739128,0.000102,50.59749271,buy
1501371062,47739118,0.000102,37.39896425,buy
1501371050,47739090,0.000102,87.13045557,buy
1501370993,47738861,0.000102,65.62583026,buy
1501370982,47738791,0.000102,65.59201549,buy
1501370981,47738775,0.000102,65.58712092,buy
1501370977,47738755,0.000102,65.57653918,buy
1501370976,47738742,0.000102,65.55155439,buy
1501370970,47738708,0.000102,65.45167891,buy
1501370968,47738694,0.000102,65.40396427,buy
1501370966,47738675,0.000102,65.55336195,buy
1501370966,47738657,0.000102,65.40842561,buy
1501370965,47738648,0.000102,65.38308415,buy
1501370858,47738102,0.000102,1204.478493,buy
1501370858,47738101,0.00010185,53.683009,buy
1501370855,47738074,0.000102,586.80468442,buy
1501370854,47738069,0.000102,20.0,buy
1501370847,47738036,0.000102,860.6542183,buy
1501370844,47738020,0.000102,125.21457052,buy
1501370840,47737990,0.00010185,53.64999188,sell
1501370840,47737968,0.000102,87.13045557,buy
1501370823,47737869,0.00010176,0.11732038,sell
1501370819,47737852,0.00010176,0.11668194,sell
1501370792,47737647,0.000102,29.35133186,buy
1501370788,47737631,0.00010186,4.88272627,sell
1501370788,47737630,0.00010186,2.67420739,sell
1501370788,47737627,0.00010186,5.51612581,sell
1501370783,47737606,0.000102,34.73968323,buy
1501370782,47737603,0.000102,87.13045557,buy
1501370764,47737548,0.000102,128.57755666,buy
1501370760,47737526,0.000102,64.99689375,buy
1501370751,47737472,0.000102,87.13045557,buy
1501370751,47737471,0.000102,6.22092414,buy
1501370751,47737462,0.000102,6.21278373,buy
1501370751,47737458,0.000102,87.13045557,buy
1501370751,47737455,0.000102,6.22040878,buy
1501370750,47737435,0.000102,87.13045557,buy
1501370748,47737409,0.000102,20.09421237,buy
1501370748,47737407,0.000102,87.13045557,buy
1501370748,47737398,0.000102,165.00882352,buy
1501370747,47737395,0.000102,2817.35961749,buy
1501370745,47737375,0.000102,64.98916914,buy
1501370739,47737323,0.000102,15.91961272,buy
1501370737,47737308,0.000102,27.41984637,buy
1501370731,47737279,0.000102,16.45284983,buy
1501370726,47737242,0.000102,628.70122489,buy
1501370725,47737233,0.000102,2356.73082574,buy
1501370724,47737226,0.000102,629.00937337,buy
1501370721,47737215,0.000102,1460.31990196,buy
1501370703,47737001,0.000102,104.06148745,buy
1501370703,47736998,0.000102,85.04405761,buy
1501370702,47736984,0.000102,628.63994126,buy
1501370695,47736730,0.000102,191.01133659,buy
1501370694,47736724,0.000102,84.36820265,buy
1501370694,47736722,0.000102,72.62028817,buy
1501370694,47736721,0.00010199,14.5101674,buy
1501370691,47736661,0.00010199,24.12781436,buy
1501370691,47736654,0.00010199,12.73353402,buy
1501370690,47736634,0.00010199,13.60620321,buy
1501370690,47736631,0.00010199,27.05944003,buy
1501370689,47736617,0.00010199,12.671963,buy
1501370689,47736614,0.00010199,3.67508553,buy
1501370689,47736607,0.00010199,104.30304811,buy
1501370689,47736596,0.00010199,79.6665546,buy
1501370689,47736583,0.00010199,32.54712174,buy
1501370685,47736504,0.00010199,79.6606083,buy
1501370684,47736488,0.00010199,87.13045557,buy
1501370683,47736453,0.00010199,271.07884182,buy
1501370682,47736416,0.00010199,191.76753628,buy
1501370680,47736326,0.00010199,14.4632328,buy
1501370677,47736155,0.00010199,4.08265834,buy
1501370676,47736152,0.000102,87.13045557,buy
1501370676,47736149,0.000102,87.13045557,buy
1501370676,47736139,0.000102,87.13045557,buy
1501370675,47736107,0.00010147,973.08426511,sell
1501370675,47736106,0.00010165,5.5599355,sell
1501370674,47736079,0.000102,8.20726621,buy
1501370674,47736071,0.000102,300.0,buy
1501370673,47736003,0.000102,64.12677455,buy
1501370673,47735983,0.000102,500.0,buy
1501370662,47735731,0.00010163,1.23888583,sell
1501370652,47735339,0.000102,979.62382445,buy
1501370648,47735049,0.000102,979.71980013,buy
1501370647,47734951,0.000102,979.71980013,buy
1501370645,47734720,0.000102,979.71980013,buy
1501370644,47734620,0.000102,979.71980013,buy
1501370644,47734609,0.000102,555.9116553,buy
1501370643,47734494,0.000102,979.71980013,buy
1501370642,47734461,0.000102,269.48129285,buy
1501370641,47734448,0.000102,0.14,buy
1501370640,47734428,0.000102,501.64109489,buy
1501370640,47734418,0.000102,455.27241176,buy
1501370640,47734417,0.000102,979.33601019,buy
1501370639,47734413,0.000102,2462.685972,buy
1501370639,47734409,0.000102,2462.685972,buy
1501370637,47734401,0.000102,1285.07101378,buy
1501370637,47734400,0.000102,1177.61495823,buy
1501370636,47734395,0.000102,2462.68597203,buy
1501370633,47734373,0.000102,2462.68597204,buy
1501370632,47734370,0.000102,2462.68597204,buy
1501370631,47734362,0.000102,93.43643429,buy
1501370631,47734357,0.000102,1420.34208719,buy
1501370630,47734356,0.000102,501.53866861,buy
1501370629,47734342,0.000102,1042.04900902,buy
1501370629,47734341,0.000102,2462.68593825,buy
1501370628,47734338,0.000102,1420.34208719,buy
1501370627,47734327,0.000102,2462.68597209,buy
1501370626,47734323,0.000102,1272.7116402,buy
1501370624,47734282,0.000102,499.86340938,buy
1501370622,47734260,0.000102,499.96131622,buy
1501370621,47734248,0.000102,1261.26126127,buy
1501370620,47734241,0.000102,499.96131622,buy
1501370619,47734235,0.000102,500.01028403,buy
1501370618,47734229,0.000102,500.01028403,buy
1501370615,47734214,0.000102,2110.10580564,buy
1501370615,47734212,0.000102,500.01028403,buy
1501370614,47734207,0.000102,500.01028403,buy
1501370613,47734205,0.000102,1222.03575136,buy
1501370613,47734203,0.000102,500.01028403,buy
1501370612,47734195,0.000102,500.01028403,buy
1501370612,47734192,0.000102,500.01028403,buy
1501370611,47734188,0.000102,500.01028403,buy
1501370610,47734185,0.000102,500.01028403,buy
1501370609,47734182,0.000102,500.01028403,buy
1501370609,47734177,0.000102,500.01028403,buy
1501370604,47734170,0.000102,500.01028403,buy
1501370604,47734164,0.000102,500.01028403,buy
1501370603,47734157,0.000102,500.01028403,buy
1501370602,47734151,0.000102,500.01028403,buy
1501370602,47734148,0.000102,499.96131244,buy
1501370602,47734144,0.00010199,93.43664549,buy
1501370601,47734141,0.00010199,499.96131244,buy
1501370600,47734135,0.00010199,499.96131244,buy
1501370600,47734130,0.00010199,499.96131244,buy
1501370599,47734127,0.00010199,499.96131244,buy
1501370598,47734120,0.00010199,499.96131244,buy
1501370597,47734117,0.00010199,499.96131244,buy
1501370595,47734111,0.00010199,500.01028504,buy
1501370595,47734110,0.00010199,50.37748249,buy
1501370593,47734104,0.00010199,500.01028504,buy
1501370592,47734100,0.00010199,500.01028504,buy
1501370591,47734097,0.00010199,500.01028504,buy
1501370589,47734089,0.00010199,500.05926722,buy
1501370588,47734085,0.00010199,500.05926722,buy
1501370586,47734075,0.00010199,500.05926722,buy
1501370585,47734066,0.00010199,500.10825903,buy
1501370582,47734045,0.00010199,500.10824842,buy
1501370580,47734039,0.000102,500.157245,buy
1501370578,47734034,0.000102,500.15724501,buy
1501370578,47734032,0.000102,5000.0,buy
1501370577,47734029,0.000102,500.15724501,buy
1501370576,47734024,0.000102,500.20625121,buy
1501370575,47734021,0.000102,500.20625121,buy
1501370574,47734016,0.000102,500.20625121,buy
1501370574,47734012,0.000102,500.20625121,buy
1501370573,47734008,0.000102,500.2062512,buy
1501370572,47734004,0.000102,500.25526702,buy
1501370571,47734000,0.000102,500.25526702,buy
1501370571,47733997,0.000102,500.30429243,buy
1501370570,47733994,0.000102,500.30429241,buy
1501370569,47733990,0.000102,500.30429243,buy
1501370569,47733987,0.000102,500.30429243,buy
1501370568,47733984,0.000102,500.30429243,buy
1501370567,47733979,0.000102,500.30429243,buy
1501370566,47733976,0.000102,500.30429243,buy
1501370566,47733973,0.000102,500.20625121,buy
1501370565,47733969,0.000102,500.20625121,buy
1501370564,47733965,0.000102,500.20625121,buy
1501370563,47733962,0.000102,500.20625121,buy
1501370563,47733955,0.000102,500.05926143,buy
1501370561,47733948,0.000102,500.15724501,buy
1501370561,47733945,0.000102,500.0,buy
1501370561,47733942,0.000102,500.15724501,buy
1501370560,47733936,0.000102,500.15724501,buy
1501370559,47733933,0.000102,500.15724501,buy
1501370558,47733928,0.000102,500.15724501,buy
1501370557,47733924,0.000102,500.15724501,buy
1501370557,47733914,0.000102,500.15724501,buy
1501370556,47733911,0.000102,500.20625121,buy
1501370554,47733906,0.000102,500.20625121,buy
1501370554,47733900,0.000102,500.20625121,buy
1501370553,47733895,0.000102,500.20625121,buy
1501370552,47733887,0.000102,500.20625121,buy
1501370551,47733884,0.000102,500.20625121,buy
1501370550,47733877,0.000102,500.20625121,buy
1501370550,47733873,0.000102,500.20625121,buy
1501370549,47733868,0.000102,500.20625121,buy
1501370548,47733849,0.000102,500.20625121,buy
1501370547,47733839,0.000102,500.20625121,buy
1501370546,47733824,0.000102,500.10824842,buy
1501370546,47733815,0.000102,500.10824842,buy
1501370545,47733808,0.000102,500.10824842,buy
1501370544,47733800,0.000102,500.10824842,buy
1501370543,47733795,0.000102,500.10824842,buy
1501370542,47733786,0.000102,500.10824842,buy
1501370541,47733775,0.000102,500.15724501,buy
1501370540,47733769,0.000102,500.15724501,buy
1501370539,47733755,0.000102,500.15724501,buy
1501370538,47733747,0.000102,500.15724501,buy
1501370538,47733743,0.000102,500.15724501,buy
1501370537,47733739,0.000102,500.15724501,buy
1501370533,47733729,0.000102,500.15724501,buy
1501370532,47733725,0.000102,500.20625121,buy
1501370532,47733717,0.000102,500.20625121,buy
1501370531,47733704,0.000102,500.20625123,buy
1501370530,47733691,0.000102,500.25526702,buy
1501370529,47733675,0.000102,500.30429243,buy
1501370527,47733666,0.000102,500.30429243,buy
1501370526,47733663,0.000102,500.30429243,buy
1501370526,47733658,0.000102,500.30429243,buy
1501370525,47733653,0.000102,500.30429243,buy
1501370524,47733648,0.000102,500.30429243,buy
1501370524,47733643,0.000102,500.30429243,buy
1501370523,47733638,0.000102,420.33975105,buy
1501370519,47733616,0.000102,80.04458599,buy
1501370518,47733612,0.000102,257.63484887,buy
1501370511,47733573,0.000102,141.54288034,buy
1501370508,47733564,0.000102,105.92454311,buy
1501370498,47733531,0.000102,105.8933647,buy
1501370426,47733259,0.000102,2088.25213726,buy
1501370415,47733194,0.000102,2733.40195496,buy
1501370405,47733134,0.000102,378.57842543,buy
1501370401,47733112,0.000102,10035.90077439,buy
1501370401,47733111,0.00010149,1.079596,buy
1501370396,47733093,0.000102,11443.92155257,buy
1501370392,47733080,0.000102,1360.64444716,buy
1501370392,47733079,0.000102,40.0,buy
1501370392,47733078,0.000102,115.0,buy
1501370392,47733077,0.000102,407.0,buy
1501370392,47733076,0.0001019,0.00000599,buy
1501370356,47732891,0.0001019,3999.99999401,buy
1501370356,47732890,0.0001019,2000.0,buy
1501370341,47732718,0.00010188,58.02488064,sell
1501370332,47732571,0.00010189,2699.26675169,buy
1501370332,47732564,0.00010146,4.43612,sell
1501370332,47732556,0.00010189,923.13281205,buy
1501370332,47732555,0.00010188,58.0288834,buy
1501370331,47732518,0.00010189,1202.95918268,buy
1501370331,47732517,0.00010189,0.000005,buy
1501370329,47732499,0.00010189,745.689995,buy
1501370327,47732491,0.00010178,0.0039395,buy
1501370326,47732478,0.00010178,9.9960605,buy
1501370326,47732477,0.0001015,0.00001099,buy
1501370294,47731988,0.0001015,499.99998901,buy
1501370294,47731987,0.00010145,0.00000599,buy
1501370286,47731964,0.00010145,6111.99606807,buy
1501370282,47731946,0.00010145,3614.38145747,buy
1501370281,47731941,0.00010145,273.62246847,buy
1501369835,47730032,0.0001004,250.0,sell
1501369729,47729696,0.00010091,53.17373102,sell
1501369703,47729604,0.0001009,21.72507598,sell
1501369637,47729322,0.00010011,0.71456,sell
1501369506,47728987,0.00010008,276.01266313,sell
1501369506,47728986,0.0001001,1.98733687,sell
1501369460,47728892,0.00010096,2.767892,sell
1501369457,47728872,0.00010144,262.22033826,buy
1501369457,47728871,0.00010119,105.87777971,buy
1501369293,47728395,0.00010004,44.46186102,sell
1501369293,47728394,0.00010004,76.71679494,sell
1501369293,47728393,0.00010006,3.13322006,sell
1501369293,47728392,0.00010006,3.13326676,sell
1501369270,47728284,0.00010005,4.38823755,sell
1501369270,47728283,0.00010006,0.19915486,sell
1501369267,47728267,0.00010095,1946.19571701,sell
1501369267,47728264,0.00010095,21.67116103,sell
1501369267,47728259,0.00010095,32.13312196,sell
1501369254,47728230,0.000101,1289.91388653,sell
1501369251,47728224,0.00010096,2001.0,buy
1501369251,47728223,0.0001009,1684.706,buy
1501369205,47728083,0.00010092,113.0,buy
1501369095,47727570,0.00010091,85.08508509,buy
1501369094,47727564,0.00010092,84.74023147,buy
1501369094,47727554,0.0001003,33.42979343,sell
1501369093,47727552,0.00010031,119.80806667,sell
1501369092,47727549,0.00010046,85.31619861,sell
1501369090,47727545,0.00010092,350.0,buy
1501368976,47727316,0.00010105,317.00106835,sell
1501368976,47727312,0.00010105,1182.99893165,sell
1501368954,47727247,0.000101,905.55512706,sell
1501368924,47727191,0.00010118,389.5716551,buy
1501368924,47727190,0.00010116,4.72920185,buy
1501368924,47727189,0.00010108,105.69914305,buy
1501368916,47727175,0.00010115,40.12100299,buy
1501368850,47727047,0.000101,1631.33430461,sell
1501368819,47726995,0.00010115,67.60355907,buy
1501368793,47726941,0.00010116,8.92437722,buy
1501368742,47726798,0.000101,1.584158,sell
1501368734,47726775,0.00010116,1.46042,buy
1501368728,47726767,0.00010101,169.7965662,sell
1501368653,47726721,0.00010084,4993.86,buy
1501368648,47726699,0.00010084,0.14,buy
1501368616,47726675,0.00010084,5.0,buy
1501368593,47726649,0.0001009,1.0,sell
1501368454,47726358,0.00010087,18.87026013,sell
1501368452,47726348,0.00010085,18.87026013,buy
1501368450,47726340,0.0001004,9.3660206,sell
1501368449,47726338,0.00010085,9.3660206,sell
1501368449,47726337,0.00010085,9.3660206,sell
1501368449,47726336,0.00010085,9.3660206,buy
1501368449,47726335,0.00010084,9.3660206,buy
1501368449,47726334,0.00010084,18.87026013,buy
1501368449,47726333,0.00010084,94.82043814,buy
1501368446,47726332,0.00010117,5.99395123,buy
1501368446,47726331,0.00010117,9.3660206,buy
1501368446,47726330,0.00010117,9.3660206,buy
1501368445,47726326,0.00010085,9.3660206,sell
1501368445,47726325,0.00010084,9.3660206,buy
1501368445,47726324,0.00010084,9.3660206,buy
1501368445,47726323,0.00010084,94.82043814,buy
1501368445,47726322,0.00010084,18.87026013,buy
1501368445,47726321,0.00010084,9.3660206,buy
1501368445,47726320,0.00010084,9.3660206,buy
1501368444,47726315,0.00010084,7.64155139,sell
1501368443,47726312,0.00010084,1.97044196,sell
1501368443,47726311,0.00010084,0.07686904,buy
1501368443,47726310,0.00010084,9.3660206,buy
1501368443,47726309,0.00010084,9.3660206,buy
1501368443,47726308,0.00010084,7.64155139,buy
1501368443,47726307,0.00010084,18.87026013,buy
1501368443,47726306,0.00010084,94.82043814,buy
1501368442,47726302,0.00010038,9.3660206,buy
1501368442,47726300,0.00010085,7.39557864,buy
1501368442,47726299,0.00010038,9.3660206,buy
1501368442,47726298,0.00010038,7.64155139,buy
1501368442,47726297,0.00010038,9.3660206,buy
1501368442,47726296,0.00010038,9.3660206,buy
1501368442,47726295,0.00010038,1.97044196,buy
1501368441,47726290,0.00010038,7.39557864,buy
1501368441,47726288,0.00010039,9.3660206,buy
1501368417,47726267,0.00010097,3.42547864,buy
1501368417,47726266,0.00010097,7.64155139,buy
1501368417,47726265,0.00010097,9.3660206,buy
1501368417,47726264,0.00010097,9.3660206,buy
1501368417,47726263,0.00010049,13.825137,buy
1501368407,47726197,0.000101,34.0126877,buy
1501368407,47726196,0.000101,94.82043814,buy
1501368407,47726195,0.000101,22.29573877,buy
1501368407,47726194,0.000101,7.64155139,buy
1501368407,47726193,0.000101,9.3660206,buy
1501368407,47726192,0.000101,9.3660206,buy
1501368407,47726191,0.000101,9.3660206,buy
1501368407,47726190,0.000101,9.3660206,buy
1501368407,47726189,0.000101,9.3660206,buy
1501368406,47726182,0.00009922,451.6501798,sell
1501368406,47726181,0.00009999,0.9,sell
1501368406,47726180,0.00010008,1.0,sell
1501368406,47726179,0.00010009,395.10647888,sell
1501368406,47726178,0.00010009,143.53578683,sell
1501368406,47726154,0.000101,365.99777527,sell
1501368406,47726153,0.000101,9.3660206,sell
1501368406,47726152,0.000101,614.13178,sell
1501368406,47726150,0.000101,9.3660206,sell
1501368406,47726148,0.000101,9.3660206,sell
1501368406,47726147,0.000101,783.280673,sell
1501368406,47726144,0.000101,0.12139855,sell
1501368405,47726140,0.000101,9.3660206,sell
1501368405,47726134,0.000101,59.59375138,sell
1501368405,47726131,0.000101,302.71232917,sell
1501368405,47726127,0.000101,105.69914305,sell
1501368405,47726125,0.000101,105.69914305,sell
1501368405,47726124,0.000101,50.01,buy
1501368405,47726123,0.00010099,105.69914305,buy
1501368405,47726122,0.00010091,2059.65,buy
1501368405,47726121,0.0001005,29.94078108,buy
1501368405,47726120,0.0001005,5000.0,buy
1501368391,47726099,0.00010008,0.00414346,buy
1501368391,47726096,0.00010008,9238.24280293,buy
1501368390,47726094,0.00010008,761.75305361,buy
1501368390,47726093,0.00010008,39.63582928,buy
1501368335,47725995,0.00010008,19.06,buy
1501368332,47725991,0.00010008,65.29982214,buy
1501368332,47725990,0.00010008,110.0,buy
1501368330,47725984,0.00010005,10.0,buy
1501368329,47725977,0.0001,1191.64728929,buy
1501368328,47725975,0.0001,75.23433549,buy
1501368327,47725964,0.0001,12.90788473,buy
1501368322,47725955,0.0001,720.21049049,buy
1501368322,47725954,0.0001,3279.78950951,buy
1501368321,47725952,0.0001,110.0,buy
1501368320,47725946,0.0001,52.31,buy
1501368320,47725939,0.0001,90.9577,buy
1501368319,47725938,0.0001,3352.56999772,buy
1501368319,47725937,0.0001,2000.0,buy
1501368319,47725936,0.0001,576.30396126,buy
1501368319,47725935,0.0001,16584.34645253,buy
1501368318,47725926,0.0001,2397.799995,buy
1501368318,47725924,0.0001,52.114,buy
1501368318,47725922,0.0001,85.06419695,buy
1501368318,47725920,0.0001,882.40997584,buy
1501368318,47725919,0.0001,500.0,buy
1501368318,47725918,0.0001,115.0,buy
1501368318,47725917,0.0001,896.14001916,buy
1501368317,47725910,0.0001,72.97861976,buy
1501368317,47725907,0.0001,2391.699995,buy
1501368314,47725891,0.0001,52.31,buy
1501368311,47725881,0.0001,498.45410947,buy
1501368310,47725875,0.0001,43.7671,buy
1501368309,47725871,0.0001,2374.489995,buy
1501368309,47725866,0.0001,103.89598846,buy
1501368309,47725864,0.0001,73.75319373,buy
1501368308,47725858,0.0001,2372.859995,buy
1501368307,47725857,0.0001,223.9725,buy
1501368307,47725852,0.0001,2371.229995,buy
1501368307,47725851,0.0001,0.0421,buy
1501368306,47725842,0.0001,53.21,buy
1501368306,47725841,0.0001,2467.33839357,buy
1501368305,47725838,0.0001,96.7789387,buy
1501368303,47725819,0.0001,5907.07905715,buy
1501368303,47725818,0.0001,394.0,buy
1501368303,47725817,0.0001,332.22919152,buy
1501368303,47725816,0.0001,418.04840924,buy
1501368296,47725782,0.0001,21.1305,buy
1501368295,47725780,0.00009999,273.33850359,buy
1501368281,47725738,0.00009999,350.0,buy
1501368237,47725586,0.00009999,13.93068478,buy
1501368226,47725542,0.00009999,88.49294006,buy
1501368226,47725539,0.00009999,3450.88574241,buy
1501368226,47725535,0.00009999,88.49294006,buy
1501368226,47725532,0.00009999,98.78987388,buy
1501368222,47725502,0.00009999,99.54284222,buy
1501368200,47725366,0.0000999,0.0039063,buy
1501368184,47725339,0.0000999,918.52003258,buy
1501368162,47725265,0.00009999,14.05798951,buy
1501368162,47725264,0.0000999,285.57234294,buy
1501368095,47725120,0.0000999,7.61186011,buy
1501368058,47725049,0.0000999,7.39668848,buy
1501367988,47724911,0.0000999,84.5492386,buy
1501367987,47724908,0.0000999,25.08962989,buy
1501367983,47724901,0.0000999,502.83308062,buy
1501367983,47724897,0.0000998,0.00389917,buy
1501367983,47724896,0.0000998,109.99610083,buy
1501367932,47724772,0.0000999,19.86386386,buy
1501367919,47724757,0.0000999,10.0,sell
1501367919,47724756,0.0000999,320.32032032,sell
1501367919,47724755,0.0000999,231.88087942,sell
1501367919,47724754,0.00009991,5.88209576,sell
1501367891,47724680,0.00009999,334.48944894,buy
1501367870,47724672,0.00009991,21.89398718,sell
1501367830,47724583,0.00009991,30.27646172,sell
1501367830,47724582,0.00009991,18.60794715,sell
1501367699,47724399,0.00009991,6.59039539,sell
1501367471,47724054,0.0000999,7185.0607077,sell
1501367471,47724053,0.00009991,3.38395707,sell
1501367471,47724052,0.00009999,1199.68476847,sell
1501367382,47723836,0.00009999,3296.39985042,buy
1501367382,47723835,0.00009999,496.82900861,buy
1501367364,47723800,0.0000999,83.05841288,sell
1501367355,47723765,0.00009921,39.01829954,sell
1501367355,47723764,0.00009922,22.02005644,sell
1501367355,47723763,0.00009922,22.02005644,sell
1501367352,47723742,0.00009921,31.26188281,sell
1501367352,47723741,0.00009921,26.88947266,sell
1501367350,47723715,0.00009921,29.77647317,sell
1501367350,47723714,0.00009921,59.98903128,sell
1501367350,47723713,0.00009921,1.0493247,sell
1501367310,47723547,0.00009999,53.48834883,buy
1501367304,47723526,0.00009999,1828.46914691,buy
1501367293,47723486,0.00009902,4509.82543168,sell
1501367293,47723485,0.00009903,504.05937594,sell
1501367293,47723484,0.00009904,2.60416974,sell
1501367188,47723230,0.00009999,8.43035468,buy
1501367149,47723054,0.00009905,36.91674774,sell
1501367061,47722554,0.00009882,330.0,sell
1501366974,47722355,0.0000998,232.0,sell
1501366974,47722354,0.0000998,1946.5536284,sell
1501366974,47722353,0.00009981,45.29056962,sell
1501366974,47722352,0.00009981,6859.07222456,sell
1501366974,47722351,0.00009981,1007.0,sell
1501366956,47722335,0.00009999,600.81928193,buy
1501366813,47722032,0.0000998,53.4463716,sell
1501366813,47722031,0.0000998,52.25277145,sell
1501366791,47722009,0.00009981,133.92777543,sell
1501366789,47721999,0.00009999,125.7024865,sell
1501366789,47721998,0.00009999,1893.90983793,sell
1501366789,47721993,0.00009999,36.33154892,sell
1501366789,47721992,0.00009999,932.14625382,sell
1501366776,47721925,0.00009999,36.33020336,sell
1501366776,47721923,0.00009999,1269.664651,sell
1501366775,47721917,0.00009999,36.33154892,sell
1501366743,47721846,0.00009999,53.3857,sell
1501366733,47721839,0.0001,745.68697864,buy
1501366731,47721837,0.0001,85.16199487,buy
1501366730,47721834,0.0001,1170.01922736,buy
1501366728,47721820,0.0001,2512.09142697,buy
1501366727,47721818,0.0001,85.16199487,buy
1501366727,47721814,0.0001,151.73318275,buy
1501366727,47721813,0.00009999,19.84057488,buy
1501366727,47721812,0.00009999,2340.51766935,buy
1501366723,47721782,0.00009999,2656.8270827,buy
1501366723,47721781,0.00009998,343.50728332,buy
1501366722,47721775,0.00009998,1038.19001883,buy
1501366722,47721774,0.00009998,980.71074014,buy
1501366722,47721773,0.00009998,4378.47568969,buy
1501366721,47721770,0.00009998,3259.11626802,buy
1501366721,47721769,0.00009998,45.128095,buy
1501366716,47721741,0.00009998,3458.51445808,buy
1501366716,47721738,0.00009998,2512.091427,buy
1501366715,47721732,0.00009998,2512.09142701,buy
1501366715,47721731,0.00009998,1472.96459291,buy
1501366715,47721730,0.00009997,7441.99999999,buy
1501366581,47721507,0.0000998,3863.81443536,buy
1501366581,47721506,0.00009979,83.93279319,buy
1501366371,47721164,0.00009837,150.0,sell
1501366271,47721092,0.000099,0.8,buy
1501366189,47721042,0.0000998,200.0,buy
1501366121,47720902,0.00009998,9.1031103,buy
1501366036,47720807,0.00009923,6.56956384,buy
1501366019,47720795,0.00009784,57.39078031,sell
1501366019,47720794,0.000098,0.8,sell
1501366019,47720793,0.00009811,22.26921968,sell
1501366009,47720776,0.00009923,56.3747996,buy
1501366001,47720761,0.00009923,1197.66036,buy
1501365992,47720736,0.00009923,10.01001001,buy
1501365992,47720732,0.00009923,403.10390003,sell
1501365992,47720731,0.00009923,3296.28136652,sell
1501365992,47720730,0.00009923,20.0,sell
1501365930,47720642,0.00009982,349.66304183,buy
1501365924,47720635,0.00009982,0.14,buy
1501365885,47720579,0.00009982,25.89,sell
1501365874,47720572,0.00009982,29.95,buy
1501365849,47720510,0.00009982,29.95,buy
1501365809,47720413,0.00009981,28.02582577,buy
1501365790,47720396,0.0000996,40.0,buy
1501365790,47720395,0.0000996,200.0,buy
1501365705,47720201,0.00009924,753.728,sell
1501365705,47720200,0.00009924,22.0156187,sell
1501365695,47720177,0.00009924,149.51187365,sell
1501365684,47720136,0.00009923,2.90410466,buy
1501365654,47720083,0.00009923,7.09589534,buy
1501365631,47720029,0.00009923,0.02014708,buy
1501365581,47719895,0.00009923,49.97985292,buy
1501365536,47719763,0.00009923,46.92533359,buy
1501365535,47719759,0.0000991,10.0,buy
1501365534,47719758,0.00009908,0.55,buy
1501365533,47719755,0.000099,27.62316176,buy
1501365532,47719751,0.000099,248.37683824,buy
1501365532,47719750,0.00009888,0.02324638,buy
1501365532,47719749,0.00009888,57.47533359,buy
1501365480,47719652,0.00009888,92.50142003,buy
1501365480,47719651,0.00009888,10.0,buy
1501365446,47719517,0.00009872,321.70177782,buy
1501365445,47719510,0.00009872,80.70772708,buy
1501365445,47719507,0.00009872,618.759241,buy
1501365445,47719505,0.00009872,720.97666841,buy
1501365445,47719500,0.00009872,92.53538004,buy
1501365445,47719498,0.00009872,709.43791366,buy
1501365444,47719488,0.00009872,433.78643023,buy
1501365444,47719487,0.00009872,525.79073284,buy
1501365444,47719483,0.00009872,104.32434347,buy
1501365443,47719478,0.00009872,799.81996665,buy
1501365443,47719475,0.00009872,615.66470196,buy
1501365443,47719472,0.00009872,92.26968335,buy
1501365443,47719469,0.00009872,384.22543349,buy
1501365443,47719468,0.00009871,323.17547222,buy
1501365442,47719461,0.00009871,707.05355994,buy
1501365442,47719457,0.00009871,707.05355994,buy
1501365441,47719455,0.00009871,80.43276906,buy
1501365441,47719454,0.00009871,636.12432915,buy
1501365441,47719447,0.00009871,82.97273858,buy
1501365441,47719446,0.00009871,102.4458383,buy
1501365441,47719445,0.00009871,80.05177363,buy
1501365441,47719442,0.00009871,613.73026447,buy
1501365441,47719434,0.00009871,522.75862816,buy
1501365440,47719433,0.00009871,104.00202523,buy
1501365440,47719432,0.00009871,91.98254015,buy
1501365440,47719427,0.00009871,705.19947445,buy
1501365440,47719423,0.00009871,704.13295693,buy
1501365440,47719420,0.00009871,521.1356909,buy
1501365439,47719417,0.00009871,103.74191137,buy
1501365439,47719414,0.00009871,795.35465383,buy
1501365439,47719411,0.00009871,532.56332852,buy
1501365439,47719408,0.00009871,103.95880279,buy
1501365438,47719405,0.00009871,91.65116809,buy
1501365438,47719404,0.00009871,702.65895537,buy
1501365438,47719401,0.00009871,519.48357888,buy
1501365438,47719399,0.00009871,103.8751495,buy
1501365438,47719395,0.00009871,702.42491311,buy
1501365438,47719392,0.00009871,91.00982617,buy
1501365438,47719389,0.00009871,3163.05362289,buy
1501365437,47719388,0.00009871,701.73442697,buy
1501365437,47719386,0.00009871,91.53057743,buy
1501365436,47719376,0.00009871,612.63241017,buy
1501365436,47719374,0.00009871,79.90857524,buy
1501365436,47719370,0.00009871,102.36485201,buy
1501365436,47719369,0.00009871,79.43087874,buy
1501365436,47719368,0.00009871,82.42226655,buy
1501365435,47719361,0.00009871,608.97007035,buy
1501365435,47719355,0.00009871,103.91688207,buy
1501365435,47719354,0.00009871,91.32977592,buy
1501365435,47719349,0.00009871,700.19494865,buy
1501365434,47719346,0.00009871,474.12942572,buy
1501365434,47719341,0.00009871,791.2472401,buy
1501365434,47719338,0.00009871,171.65864672,buy
1501365433,47719333,0.00009871,605.94355381,buy
1501365433,47719329,0.00009871,710.25168669,buy
1501365433,47719328,0.00009871,90.95750427,buy
1501365433,47719323,0.00009871,697.34086606,buy
1501365432,47719321,0.00009871,103.85647035,buy
1501365432,47719317,0.00009871,90.86661937,buy
1501365432,47719315,0.00009871,696.64408184,buy
1501365432,47719307,0.00009871,308.00537122,buy
1501365432,47719303,0.00009871,446.17957732,buy
1501365431,47719301,0.00009871,90.69175489,buy
1501365431,47719272,0.00009871,695.30345411,buy
1501365414,47719248,0.00009871,128.37317666,buy
1501365414,47719247,0.00009871,124.63128313,buy
1501365409,47719234,0.00009871,254.68613951,buy
1501365409,47719227,0.00009871,248.25606346,buy
1501365409,47719226,0.00009871,6.69737612,buy
1501365392,47719208,0.00009871,3.30262388,buy
1501365392,47719207,0.00009867,371.25,buy
1501365391,47719202,0.00009865,180.0,buy
1501365391,47719201,0.00009865,33.79112444,buy
1501365391,47719199,0.00009865,76.74048891,buy
1501365390,47719191,0.00009865,378.42213636,buy
1501365390,47719186,0.00009865,76.63082252,buy
1501365389,47719184,0.00009865,587.50297267,buy
1501365389,47719181,0.00009865,152.88015728,buy
1501365389,47719180,0.00009865,127.21971301,buy
1501365389,47719174,0.00009865,266.6813576,buy
1501365389,47719171,0.00009865,156.5724947,buy
1501365388,47719169,0.00009865,495.02280608,buy
1501365388,47719159,0.00009865,215.00782798,buy
1501365388,47719154,0.00009865,156.24217202,buy
1501365388,47719138,0.00009865,519.12327065,buy
1501365387,47719135,0.00009865,585.91363857,buy
1501365387,47719129,0.00009865,76.36570732,buy
1501365387,47719125,0.00009865,585.4704228,buy
1501365387,47719121,0.00009865,76.2819874,buy
1501365386,47719118,0.00009865,76.2819874,buy
1501365386,47719117,0.00009865,584.82857003,buy
1501365386,47719115,0.00009865,133.90998456,buy
1501365386,47719111,0.00009865,518.03781691,buy
1501365386,47719108,0.00009865,76.2145189,buy
1501365385,47719106,0.00009865,584.31131161,buy
1501365367,47719059,0.00009781,412.3873472,sell
1501365333,47718974,0.00009865,197.0,buy
1501365301,47718895,0.00009865,10.05881755,buy
1501364935,47718005,0.00009865,100.1001001,buy
1501364929,47717994,0.00009865,101.49821013,buy
1501364856,47717859,0.00009773,177.0726011,sell
1501364855,47717850,0.00009865,20.02002002,buy
1501364832,47717800,0.00009865,24.90738839,buy
1501364792,47717750,0.00009865,56.55003098,buy
1501364791,47717742,0.00009865,158.70742199,buy
1501364767,47717711,0.00009865,89.21922826,buy
1501364764,47717703,0.00009865,85.9061531,buy
1501364759,47717698,0.00009865,10.01001001,buy
1501364758,47717696,0.00009865,10.01001001,buy
1501364744,47717660,0.00009865,10.01001001,buy
1501364741,47717652,0.00009865,10.01001001,buy
1501364739,47717646,0.00009865,10.01001001,buy
1501364738,47717643,0.00009865,100.1001001,buy
1501364735,47717635,0.00009865,10.01001001,buy
1501364735,47717634,0.00009865,10.01001001,buy
1501364734,47717625,0.00009771,10.70255287,sell
1501364734,47717623,0.00009865,10.01001001,buy
1501364734,47717621,0.00009865,10.01001001,buy
1501364732,47717616,0.00009865,10.01001001,buy
1501364732,47717613,0.00009865,20.02002002,buy
1501364732,47717612,0.00009865,20.02002002,buy
1501364731,47717609,0.00009865,10.01001001,buy
1501364730,47717606,0.00009865,5000.0,buy
1501364728,47717597,0.00009865,10.01001001,buy
1501364719,47717573,0.00009865,10.01001001,buy
1501364637,47717338,0.00009865,655.529,buy
1501364636,47717331,0.00009865,1690.78006949,buy
1501364636,47717330,0.00009863,500.0,buy
1501364636,47717329,0.00009863,192.94783051,buy
1501364587,47717234,0.00009863,2500.0,buy
1501364550,47717162,0.00009863,14.11582454,buy
1501364550,47717161,0.0000986,99.01276996,buy
1501364550,47717160,0.00009859,79.53009542,buy
1501364319,47716764,0.00009862,42.81281281,buy
1501364220,47716657,0.00009752,35.9,sell
1501364186,47716602,0.00009751,52.0,sell
1501363990,47716388,0.00009863,44.0,buy
1501363989,47716387,0.00009863,44.0,buy
1501363888,47716277,0.00009863,6515.04731171,buy
1501363888,47716276,0.0000984,492.998,buy
1501363886,47716269,0.00009751,145.94637711,sell
1501363845,47716220,0.00009865,200.0,buy
1501363845,47716219,0.00009862,200.0,buy
1501363795,47716142,0.00009848,3.83753046,buy
1501363644,47715866,0.00009752,359.07418668,sell
1501363493,47715604,0.0000986,4.56774847,sell
1501363493,47715603,0.0000986,105.69914305,buy
1501363488,47715602,0.00009862,38.34110728,buy
1501363363,47715391,0.00009849,1700.0,buy
1501363251,47715172,0.00009864,270.0,buy
1501363160,47714993,0.00009766,164.0,sell
1501362892,47714438,0.00009867,2.68947872,buy
1501362886,47714401,0.00009867,28.95451588,buy
1501362872,47714306,0.00009867,7.2261487,buy
1501362871,47714303,0.000098,2.0,buy
1501362869,47714297,0.000098,2.0,buy
1501362814,47714157,0.0000975,438.846,sell
1501362814,47714156,0.00009752,350.154,sell
1501362814,47714155,0.00009752,211.0,sell
1501362657,47713828,0.0000975,938.3953667,sell
1501362657,47713827,0.00009787,1970.18374263,sell
1501362657,47713826,0.00009791,10.05,sell
1501362657,47713825,0.000098,32.44933025,sell
1501362657,47713824,0.000098,4001.55956042,sell
1501362653,47713819,0.000098,5998.44043958,sell
1501362653,47713818,0.00009801,52.0,sell
1501362653,47713817,0.00009802,7.65719834,sell
1501362653,47713816,0.00009802,1166.73536208,sell
1501362651,47713812,0.00009802,24.79213191,sell
1501362651,47713811,0.00009803,12.0,sell
1501362589,47713725,0.00009803,186.30908286,sell
1501362589,47713724,0.00009803,1.3,sell
1501362582,47713681,0.00009871,1.3,buy
1501362555,47713603,0.00009803,51.70431689,sell
1501362550,47713593,0.00009871,1042.0,buy
1501362535,47713582,0.00009871,284.04444494,buy
1501362504,47713527,0.00009871,27.0,buy
1501362432,47713369,0.00009802,17.96709662,sell
1501362424,47713359,0.00009871,50.86424881,buy
1501362424,47713358,0.00009832,73.0,buy
1501362420,47713347,0.00009832,1670.0,buy
1501362311,47713042,0.000098,122.58964955,sell
1501362311,47713041,0.000098,4383.22116908,sell
1501362253,47712963,0.00009798,72.91597866,sell
1501362252,47712954,0.00009798,13.97242368,sell
1501362250,47712944,0.00009798,72.91597866,sell
1501362233,47712914,0.00009798,22.50839192,sell
1501362139,47712738,0.00009861,35.27099585,sell
1501362042,47712404,0.00009871,400.0,buy
1501361952,47712338,0.00009871,176.17757357,buy
1501361952,47712335,0.00009871,462.264846,buy
1501361952,47712333,0.00009871,2462.61503307,buy
1501361952,47712332,0.00009871,3503.35291732,buy
1501361951,47712322,0.00009871,286.55,buy
1501361951,47712314,0.00009871,1505.66078917,buy
1501361951,47712304,0.00009871,50.46830464,buy
1501361951,47712301,0.00009871,23.59179942,buy
1501361951,47712300,0.00009871,544.20234882,buy
1501361876,47712180,0.00009871,23.74905402,buy
1501361876,47712179,0.00009871,18.682299,buy
1501361830,47712081,0.00009871,605.0,buy
1501361815,47712004,0.00009865,100.0,sell
1501361815,47712003,0.00009865,110.39441452,sell
1501361814,47711997,0.00009865,82.63749858,sell
1501361813,47711990,0.00009865,6.9680869,sell
1501361813,47711989,0.00009871,48.15177857,sell
1501361813,47711988,0.00009871,51.84822143,sell
1501361638,47711383,0.00009871,5795.804,buy
1501361635,47711366,0.00009871,6354.487,buy
1501361615,47711309,0.00009871,79.21722161,buy
1501361613,47711281,0.0000987,0.00000543,buy
1501361613,47711257,0.0000987,955.75640486,buy
1501361612,47711247,0.0000987,234.91388044,buy
1501361610,47711226,0.0000987,847.04240114,buy
1501361610,47711225,0.00009869,2036.67923581,buy
1501361609,47711203,0.00009869,2884.00625277,buy
1501361608,47711187,0.00009869,79.31451142,buy
1501361593,47711085,0.0000987,80.51436774,buy
1501361589,47711023,0.0000987,80.89640521,buy
1501361580,47710996,0.000098,3201.77843665,sell
1501361580,47710995,0.00009805,10.05,sell
1501361567,47710940,0.0000987,87.34334589,buy
1501361566,47710916,0.0000987,2888.02461257,buy
1501361566,47710915,0.0000987,87.89918735,buy
1501361565,47710912,0.0000987,111.56196801,buy
1501361565,47710909,0.0000987,87.82274331,buy
1501361564,47710904,0.0000987,87.74636574,buy
1501361563,47710902,0.0000987,111.37169179,buy
1501361562,47710898,0.0000987,87.72101502,buy
1501361562,47710890,0.0000987,87.64472593,buy
1501361561,47710883,0.0000987,87.64472593,buy
1501361561,47710878,0.0000987,562.7776478,buy
1501361561,47710876,0.0000987,668.18729225,buy
1501361560,47710868,0.0000987,208.06767526,buy
1501361560,47710840,0.0000987,407.30048428,buy
1501361560,47710833,0.0000987,178.74555872,buy
1501361560,47710830,0.0000987,562.24200941,buy
1501361557,47710827,0.00009865,357.35783661,buy
1501361557,47710825,0.00009865,75.84108473,buy
1501361557,47710823,0.00009865,78.40300567,buy
1501361557,47710820,0.00009865,601.08971009,buy
1501361556,47710815,0.00009865,128.19352083,buy
1501361556,47710814,0.00009865,145.13370501,buy
1501361556,47710804,0.00009865,90.91581834,buy
1501361556,47710801,0.00009865,9.93522368,buy
1501361555,47710799,0.00009865,90.91581834,buy
1501361555,47710797,0.00009865,163.69998598,buy
1501361555,47710793,0.00009865,1255.03322585,buy
1501361555,47710791,0.00009865,191.7668525,buy
1501361555,47710786,0.00009865,1470.21287379,buy
1501361546,47710773,0.00009865,259.43132481,buy
1501361539,47710735,0.00009865,82.07001377,buy
1501361515,47710644,0.00009848,82.22592413,buy
1501361515,47710640,0.00009848,82.23511232,buy
1501361514,47710635,0.00009848,82.23511232,buy
1501361513,47710632,0.00009848,82.22684963,buy
1501361512,47710623,0.00009848,82.22684963,buy
1501361511,47710616,0.00009848,82.22684963,buy
1501361511,47710612,0.00009848,82.22684963,buy
1501361510,47710605,0.00009848,82.23098098,buy
1501361509,47710599,0.00009848,82.22684963,buy
1501361508,47710590,0.00009848,82.22613145,buy
1501361506,47710583,0.00009848,82.23098098,buy
1501361505,47710573,0.00009848,82.23511232,buy
1501361505,47710569,0.00009848,82.23924367,buy
1501361504,47710561,0.00009848,82.24337503,buy
1501361503,47710550,0.00009848,82.24337503,buy
1501361502,47710544,0.00009848,82.24337503,buy
1501361502,47710541,0.00009848,82.24337503,buy
1501361501,47710535,0.00009848,82.24337503,buy
1501361500,47710525,0.00009848,82.24337503,buy
1501361500,47710523,0.00009848,67.86196699,buy
1501361499,47710519,0.00009848,82.24750638,buy
1501361499,47710494,0.00009848,82.24750638,buy
1501361498,47710491,0.00009848,82.24750638,buy
1501361497,47710481,0.00009848,82.24750638,buy
1501361496,47710479,0.00009848,82.24750638,buy
1501361495,47710459,0.00009848,82.23754079,buy
1501361494,47710456,0.00009848,82.22927809,buy
1501361494,47710426,0.00009848,82.22927809,buy
1501361493,47710419,0.00009848,82.22927809,buy
1501361493,47710418,0.00009848,82.23754079,buy
1501361492,47710408,0.00009848,82.22927809,buy
1501361491,47710403,0.00009848,82.22855992,buy
1501361491,47710397,0.00009848,82.22927809,buy
1501361490,47710394,0.00009848,82.22927809,buy
1501361489,47710384,0.00009848,82.23754079,buy
1501361489,47710376,0.00009848,82.22927809,buy
1501361488,47710370,0.00009848,82.22927809,buy
1501361487,47710368,0.00009848,82.22927809,buy
1501361487,47710354,0.00009848,82.22927809,buy
1501361486,47710347,0.00009848,82.2283526,buy
1501361481,47710337,0.00009848,82.23859953,buy
1501361480,47710334,0.00009848,82.23859953,buy
1501361480,47710323,0.00009848,82.21099053,buy
1501361429,47710043,0.00009848,26.15099184,buy
1501361424,47710001,0.00009848,1.78969494,buy
1501361424,47709997,0.00009848,13.72094522,buy
1501361424,47709983,0.00009848,22.63739683,buy
1501361421,47709945,0.00009848,59.41950098,buy
1501361421,47709941,0.00009848,22.15079524,buy
1501361421,47709938,0.00009848,24.34234975,buy
1501361421,47709933,0.00009848,3.1750862,buy
1501361421,47709921,0.00009848,22.65416528,buy
1501361421,47709916,0.00009848,6.88965261,buy
1501361421,47709913,0.00009848,52.82067993,buy
1501361421,47709911,0.00009848,59.02178662,buy
1501361420,47709902,0.00009848,37.08314239,buy
1501361419,47709879,0.00009848,0.23925571,buy
1501361418,47709868,0.00009848,22.65416528,buy
1501361418,47709850,0.00009848,142.40925603,buy
1501361418,47709849,0.00009839,187.19100719,buy
1501361417,47709842,0.00009839,59.46975102,buy
1501361417,47709840,0.00009839,29.58547741,buy
1501361417,47709825,0.00009839,59.39442773,buy
1501361417,47709818,0.00009839,59.46406065,buy
1501361416,47709807,0.00009839,22.63739683,buy
1501361415,47709772,0.00009839,22.63572302,buy
1501361413,47709745,0.00009839,59.62215615,buy
1501361342,47709413,0.00009805,188.60297763,sell
1501361166,47709008,0.0000987,1.0793313,buy
1501361159,47708970,0.0000987,2.0,buy
1501361150,47708919,0.0000987,2.0,buy
1501361064,47708631,0.00009789,13.24365944,sell
1501361064,47708630,0.0000979,6.75634056,sell
1501361055,47708611,0.00009789,70.0,sell
1501360974,47708450,0.00009789,70.0,sell
1501360963,47708368,0.00009789,30.0,sell
1501360950,47708271,0.00009787,70.21617575,sell
1501360950,47708270,0.00009789,29.78382425,sell
1501360936,47708182,0.0000987,208.62624113,buy
1501360889,47708077,0.0000987,43.92239009,buy
1501360888,47708071,0.00009808,71.44833357,buy
1501360888,47708066,0.00009808,115.59003856,buy
1501360887,47708057,0.00009808,115.46401549,buy
1501360886,47708054,0.00009808,215.83479067,buy
1501360886,47708049,0.00009808,115.45825973,buy
1501360886,47708039,0.00009808,157.85988193,buy
1501360885,47708036,0.00009808,157.86222987,buy
1501360885,47708029,0.00009808,158.62246069,buy
1501360884,47708024,0.00009808,101.35622386,buy
1501360884,47708020,0.00009808,115.53924513,buy
1501360883,47708015,0.00009808,74.31284225,buy
1501360882,47708007,0.00009808,96.75563799,buy
1501360882,47708004,0.00009808,115.61837573,buy
1501360882,47707998,0.00009808,158.48514691,buy
1501360881,47707994,0.00009808,158.25161926,buy
1501360881,47707984,0.00009808,96.85770328,buy
1501360880,47707978,0.00009808,101.34604456,buy
1501360880,47707974,0.00009808,114.89859712,buy
1501360879,47707968,0.00009808,158.14863392,buy
1501360879,47707962,0.00009808,553.19235411,buy
1501360879,47707956,0.00009808,204.78031708,buy
1501360878,47707951,0.00009808,204.78031708,buy
1501360878,47707940,0.00009808,86.24461962,buy
1501360878,47707935,0.00009808,331.56848024,buy
1501360878,47707933,0.00009808,204.48768621,buy
1501360877,47707929,0.00009808,166.57414031,buy
1501360877,47707926,0.00009808,204.48768621,buy
1501360877,47707923,0.00009808,288.14766236,buy
1501360876,47707917,0.00009808,331.09087028,buy
1501360876,47707909,0.00009808,204.30983925,buy
1501360876,47707908,0.00009808,143.93768769,buy
1501360875,47707899,0.00009808,193.9655317,buy
1501360875,47707895,0.00009808,312.32418447,buy
1501360874,47707887,0.00009808,169.21581876,buy
1501360874,47707882,0.00009808,189.84918719,buy
1501360874,47707879,0.00009808,156.23592351,buy
1501360873,47707869,0.00009808,93.1310428,buy
1501360873,47707867,0.00009808,109.26820202,buy
1501360873,47707859,0.00009808,233.14178884,buy
1501360873,47707855,0.00009808,129.20870134,buy
1501360873,47707851,0.00009808,164.43581817,buy
1501360872,47707845,0.00009808,758.49761349,buy
1501360872,47707842,0.00009808,189.84918719,buy
1501360872,47707841,0.00009808,146.21206285,buy
1501360850,47707672,0.0000987,77.0,buy
1501360830,47707634,0.0000987,5003.5040124,buy
1501360830,47707633,0.0000987,347.11,buy
1501360830,47707632,0.0000987,2426.3859876,buy
1501360812,47707615,0.0000987,190.0,buy
1501360794,47707580,0.0000987,20.0,buy
1501360751,47707469,0.0000987,519.93698075,buy
1501360728,47707391,0.0000987,1.0,buy
1501360708,47707342,0.0000987,7.0,buy
1501360695,47707305,0.0000987,835.67703165,buy
1501360695,47707304,0.0000987,165.32396936,buy
1501360693,47707297,0.0000987,280.76460652,buy
1501360693,47707291,0.0000987,333.1794175,buy
1501360692,47707284,0.0000987,332.88965848,buy
1501360671,47707178,0.0000987,359.52796055,buy
1501360647,47707128,0.0000987,21.00192502,buy
1501360646,47707104,0.0000987,612.4349544,buy
1501360645,47707080,0.00009842,10.0,sell
1501360639,47707067,0.0000987,81.0889608,buy
1501360603,47707016,0.00009828,10.0,sell
1501360578,47706974,0.0000987,395.0,buy
1501360570,47706961,0.0000987,61.6612627,buy
1501360433,47706530,0.0000987,121.58054711,buy
1501360391,47706435,0.0000987,750.0,buy
1501360382,47706384,0.0000987,1587.47800896,buy
1501360382,47706383,0.0000987,2642.87271533,buy
1501360382,47706382,0.0000987,1464.18257893,buy
1501360382,47706381,0.0000987,2766.16814536,buy
1501360325,47706285,0.0000987,722.968389,buy
1501360323,47706271,0.00009869,80.84590033,buy
1501360323,47706268,0.00009869,60.64163088,buy
1501360323,47706266,0.00009869,60.61054556,buy
1501360314,47706218,0.00009869,12.06206206,buy
1501360305,47706185,0.00009812,75.47591155,sell
1501360305,47706184,0.00009813,2567.427,sell
1501360305,47706183,0.00009816,61.23508845,sell
1501360269,47706092,0.0000987,10.0,buy
1501360257,47706062,0.0000987,81.09503,buy
1501360255,47706052,0.0000987,81.07250641,buy
1501360233,47705957,0.00009755,2.93326913,sell
1501360233,47705956,0.0000979,443.03866975,sell
1501360233,47705955,0.000098,276.0,sell
1501360233,47705954,0.000098,0.55,sell
1501360233,47705953,0.000098,0.55,sell
1501360233,47705952,0.00009801,1628.777,sell
1501360233,47705951,0.00009801,1006.247,sell
1501360233,47705950,0.00009816,1812.74096702,sell
1501360233,47705949,0.0000982,50.0,sell
1501360233,47705948,0.00009823,1031.16123821,sell
1501360233,47705947,0.00009824,1131.16123821,sell
1501360233,47705946,0.00009825,1131.16123821,sell
1501360233,47705945,0.00009835,1040.21954626,sell
1501360233,47705944,0.00009845,4.53420837,sell
1501360233,47705943,0.00009845,1131.16123821,sell
1501360206,47705852,0.0000987,22.28116211,buy
1501360197,47705838,0.00009835,90.94169195,sell
1501360197,47705837,0.00009836,9.05830805,sell
1501360192,47705823,0.0000987,1914.0,buy
1501360136,47705711,0.0000987,1.0,buy
1501360127,47705675,0.0000987,2.0,buy
1501360115,47705664,0.0000987,20.0,buy
1501360098,47705643,0.0000987,50.0,buy
1501360079,47705598,0.0000987,2400.0,sell
1501360079,47705597,0.00009871,465.23218819,sell
1501360076,47705589,0.00009871,60.61054556,buy
1501360076,47705585,0.00009871,60.73323862,buy
1501360075,47705574,0.00009871,2407.66685894,buy
1501360073,47705561,0.00009871,203.46387052,buy
1501360072,47705540,0.00009871,60.73098962,buy
1501360071,47705535,0.00009871,2458.16749814,buy
1501360071,47705534,0.00009871,42.59554383,buy
1501360071,47705528,0.00009871,60.73098925,buy
1501360071,47705525,0.00009871,301.17093793,buy
1501360070,47705515,0.00009871,60.73098925,buy
1501360042,47705475,0.00009871,800.0,buy
1501360028,47705447,0.00009871,10.0,buy
1501360000,47705407,0.00009871,60.0,buy
1501359995,47705384,0.00009871,1000.0,buy
1501359988,47705365,0.00009871,5.36429107,buy
1501359988,47705364,0.00009871,3.73370696,buy
1501359984,47705348,0.00009807,19.0,sell
1501359977,47705339,0.00009801,1.0,sell
1501359970,47705329,0.00009815,20.0,sell
1501359961,47705307,0.00009801,23.04280077,sell
1501359961,47705306,0.00009802,6.95719923,sell
1501359917,47705196,0.00009802,45.29611392,sell
1501359917,47705195,0.00009813,10.05,sell
1501359917,47705194,0.0000987,1944.65388608,sell
1501359916,47705192,0.0000987,49.14388384,sell
1501359911,47705167,0.00009961,250.0,buy
1501359905,47705163,0.0000987,218.4622262,sell
1501359905,47705162,0.00009871,200.0,sell
1501359905,47705161,0.00009871,48.88440887,sell
1501359905,47705160,0.00009871,132.65336493,sell
1501359898,47705142,0.00009871,39.68354402,sell
1501359898,47705139,0.00009871,45.62089123,sell
1501359884,47705106,0.00009871,1000.0,sell
1501359446,47704231,0.00009985,21.44976172,buy
1501359446,47704229,0.00009985,68.0142164,buy
1501359446,47704227,0.00009985,68.0142164,buy
1501359446,47704226,0.00009985,68.0142164,buy
1501359446,47704225,0.00009985,68.0142164,buy
1501359446,47704221,0.00009985,68.0142164,buy
1501359445,47704219,0.00009985,56.43695646,buy
1501359283,47703721,0.00009987,59.076981,sell
1501359282,47703719,0.00009987,117.388165,sell
1501359264,47703610,0.0000999,800.0,buy
1501359250,47703508,0.00009987,460.941874,sell
1501359250,47703506,0.00009987,460.48093169,sell
1501359249,47703502,0.00009987,998.999995,sell
1501359245,47703481,0.00009987,184.39899,sell
1501359245,47703478,0.00009987,49.949995,sell
1501359244,47703473,0.00009987,10000.0,sell
1501359234,47703418,0.00009987,87.476562,sell
1501359234,47703417,0.00009987,500.0,sell
1501359229,47703409,0.00009987,810.053024,sell
1501359228,47703394,0.00009987,4229.751349,sell
1501359228,47703392,0.00009987,3742.559322,sell
1501359218,47703352,0.00009987,109.026976,sell
1501359213,47703333,0.00009989,80.0,buy
1501359210,47703323,0.00009987,1123.232565,sell
1501359210,47703322,0.00009987,1915.726893,sell
1501359209,47703314,0.00009987,1924.731077,sell
1501359205,47703289,0.00009987,2500.359676,sell
1501359203,47703286,0.00009987,1117.491191,sell
1501359191,47703212,0.00009987,51.37810285,sell
1501359190,47703209,0.00009987,51.40391327,sell
1501359189,47703205,0.00009987,102.870618,sell
1501359189,47703197,0.00009987,801.86337691,sell
1501359188,47703196,0.00009987,622.798403,sell
1501359175,47703124,0.00009987,825.13110779,sell
1501359174,47703119,0.00009987,9.98162028,sell
1501359064,47702852,0.00009987,274.68927,sell
1501359009,47702700,0.00009987,49.949995,sell
1501359007,47702685,0.00009989,88.0,buy
1501358951,47702564,0.00009987,274.0,sell
1501358938,47702526,0.00009987,206.239918,sell
1501358905,47702422,0.00009987,3.13578679,sell
1501358904,47702413,0.00009987,96.14563166,sell
1501358903,47702404,0.00009987,434.9765036,sell
1501358903,47702399,0.00009987,267.53567072,sell
1501358903,47702398,0.00009987,8244.09680534,sell
1501358903,47702396,0.00009987,150.0,sell
1501358903,47702395,0.00009987,75.66086147,sell
1501358903,47702388,0.00009987,499.48109884,sell
1501358902,47702387,0.00009984,7115.955,buy
1501358902,47702386,0.00009983,126.06074973,buy
1501358851,47702310,0.0000987,7909.32055099,sell
1501358851,47702309,0.0000987,628.96348636,sell
1501358851,47702308,0.000099,0.05702562,sell
1501358771,47702191,0.00009983,500.0,buy
1501358720,47702124,0.00009984,1.00470753,sell
1501358702,47702090,0.00009984,317.80969551,buy
1501358656,47701965,0.0000999,628.96348636,buy
1501358656,47701964,0.00009979,59.95651364,buy
1501358656,47701963,0.00009973,311.08,buy
1501358656,47701962,0.00009973,7217.056,buy
1501358608,47701874,0.000099,419.94297438,sell
1501358608,47701873,0.000099,3272.5980515,sell
1501358487,47701691,0.000099,2052.55760812,sell
1501358459,47701661,0.000099,398.72401838,sell
1501358347,47701513,0.000099,378.17896,sell
1501358303,47701428,0.000099,378.178965,sell
1501358302,47701425,0.000099,517.757782,sell
1501358294,47701417,0.000099,292.904615,sell
1501358285,47701389,0.000099,0.55,sell
1501358282,47701385,0.000099,0.55,sell
1501358104,47701079,0.00009964,100.0,buy
1501358080,47700990,0.00009967,800.0,buy
1501358071,47700953,0.00009969,2044.04641891,buy
1501358071,47700952,0.00009932,100.0,buy
1501358071,47700951,0.00009931,10.0,buy
1501357983,47700822,0.0000997,1641.83921765,buy
1501357968,47700800,0.00009865,299.699995,sell
1501357914,47700751,0.0000991,1240.46757263,buy
1501357911,47700731,0.00009865,5081.81,buy
1501357911,47700730,0.000098,10.0,buy
1501357911,47700729,0.000098,100.0,buy
1501357911,47700728,0.000098,5354.44358609,buy
1501357898,47700697,0.000098,719.744357,buy
1501357874,47700642,0.000098,316.51540816,buy
1501357829,47700519,0.000098,1.0,buy
1501357824,47700501,0.000098,1.0,buy
1501357770,47700375,0.000098,1.0,buy
1501357764,47700356,0.000098,1.0,buy
1501357581,47699937,0.000098,6.0,buy
1501357569,47699894,0.000098,296.606327,buy
1501357557,47699868,0.000098,100.0,buy
1501357423,47699494,0.0000977,60.98133025,sell
1501357341,47699348,0.0000975,80.14876033,sell
1501357326,47699324,0.0000975,50.93133025,sell
1501357326,47699323,0.00009766,10.05,sell
1501357324,47699320,0.000098,500.0,buy
1501357309,47699310,0.000098,500.0,buy
1501357296,47699271,0.000098,353.17,buy
1501357286,47699244,0.000098,51.14,sell
1501357286,47699243,0.000098,1625.63323488,sell
1501357218,47699118,0.0000991,2392.45953582,buy
1501357152,47698955,0.000098,177.16685703,sell
1501357094,47698775,0.0000987,24.0,buy
1501357064,47698697,0.0000987,184.55309523,buy
1501357064,47698696,0.00009866,115.54837377,buy
1501357061,47698688,0.00009864,300.10146834,buy
1501357061,47698687,0.000098,1597.19990809,sell
1501357013,47698558,0.00009867,421.12191171,buy
1501356974,47698319,0.00009882,40.0,buy
1501356960,47698268,0.00009887,498.13793103,buy
1501356960,47698267,0.000098,10.0,buy
1501356960,47698266,0.000098,2.0,buy
1501356960,47698265,0.000098,1.0,buy
1501356885,47698051,0.000098,0.1,sell
1501356882,47698046,0.000098,0.1,sell
1501356876,47698036,0.000098,0.1,sell
1501356871,47698027,0.000098,0.1,sell
1501356866,47698020,0.000098,620.175,sell
1501356863,47698003,0.000098,0.1,sell
1501356863,47698001,0.000098,87.5505,sell
1501356863,47698000,0.000098,261.6,sell
1501356857,47697978,0.000098,0.1,sell
1501356835,47697880,0.000098,0.1,sell
1501356832,47697867,0.00009958,605.32452,buy
1501356832,47697866,0.00009953,961.138,buy
1501356832,47697865,0.00009953,83.53748,buy
1501356832,47697863,0.000098,0.1,sell
1501356818,47697830,0.000098,0.1,sell
1501356800,47697753,0.000098,2.0,sell
1501356772,47697578,0.000098,9.0,sell
1501356772,47697577,0.000098,1.0,sell
1501356705,47697165,0.00009884,275.79063753,sell
1501356686,47697017,0.00009884,0.00752111,buy
1501356527,47696570,0.00009884,9.99247889,buy
1501356527,47696569,0.00009848,0.33706064,buy
1501356527,47696568,0.00009848,0.53393134,buy
1501356519,47696509,0.00009848,0.3,buy
1501356499,47696445,0.00009801,2.0,sell
1501356499,47696444,0.00009848,1450.99522745,sell
1501356330,47695718,0.00009848,10.62832801,sell
1501356299,47695598,0.00009848,833.8941582,sell
1501356296,47695592,0.00009906,6095.47746352,buy
1501356295,47695590,0.00009907,834.72888709,buy
1501356294,47695584,0.00009906,1471.87183612,sell
1501356294,47695581,0.00009906,32.14816388,sell
1501356294,47695580,0.00009906,7243.60588812,sell
1501356249,47695487,0.00009995,64.95917959,buy
1501356152,47695144,0.00009995,2111.92377713,buy
1501356152,47695143,0.00009989,8.0,buy
1501356152,47695142,0.00009989,500.0,buy
1501356063,47694813,0.00009988,364.29104925,buy
1501356063,47694812,0.00009981,4.99996566,buy
1501356020,47694708,0.00009969,300.0,buy
1501356020,47694707,0.00009957,384.99456354,buy
1501355977,47694568,0.00009905,756.39411187,sell
1501355907,47694370,0.00009957,312.47147444,buy
1501355907,47694369,0.00009905,36.89078326,buy
1501355875,47694222,0.00009905,794.20494699,sell
1501355875,47694221,0.00009905,619.42554265,sell
1501355703,47693286,0.00009957,30.8225369,buy
1501355699,47693247,0.00009957,100.33142512,buy
1501355632,47692782,0.00009957,214.3291778,buy
1501355631,47692779,0.00009957,1003.91526954,buy
1501355631,47692772,0.00009957,10.1977933,buy
1501355630,47692766,0.00009957,1003.91526954,buy
1501355629,47692761,0.00009957,1466.11856239,buy
1501355627,47692754,0.00009957,980.42583107,buy
1501355626,47692734,0.00009957,1463.29434796,buy
1501355615,47692671,0.00009957,1460.19361638,buy
1501355613,47692659,0.00009957,1457.39205059,buy
1501355612,47692655,0.00009957,1454.74151776,buy
1501355611,47692649,0.00009957,1451.90754869,buy
1501355586,47692513,0.00009957,1450.27206103,buy
1501355584,47692507,0.00009957,1448.34203393,buy
1501355582,47692502,0.00009957,1262.87832546,buy
1501355582,47692488,0.00009957,1261.66368838,buy
1501355573,47692458,0.00009957,1003.38029299,buy
1501355572,47692446,0.00009957,1003.38029299,buy
1501355571,47692428,0.00009957,1026.24100467,buy
1501355571,47692427,0.00009957,898.73581652,buy
1501355534,47692190,0.0000996,20.0,buy
1501355534,47692189,0.00009957,772.80420087,buy
1501355529,47692157,0.00009848,846.00202345,sell
1501355528,47692144,0.00009957,846.85282601,buy
1501355526,47692134,0.00009957,845.85955224,buy
1501355520,47692097,0.00009957,106.24083927,buy
1501355506,47691980,0.00009957,0.11047504,buy
1501355500,47691952,0.00009957,9.81506023,buy
1501355499,47691939,0.00009957,1003.91526954,buy
1501355498,47691931,0.00009957,1068.33127253,buy
1501355498,47691930,0.00009956,0.2016057,buy
1501355497,47691924,0.00009956,499.7983943,buy
1501355497,47691923,0.0000995,0.78052136,buy
1501355495,47691906,0.0000995,131.9829434,buy
1501355495,47691905,0.0000994,435.87081313,buy
1501355492,47691878,0.00009939,1066.32357969,buy
1501355491,47691865,0.0000994,1064.12918687,buy
1501355491,47691864,0.0000993,0.5642269,buy
1501355470,47691712,0.0000993,933.836252,buy
1501355469,47691702,0.0000993,565.5995211,buy
1501355469,47691701,0.00009929,440.84170273,buy
1501355468,47691692,0.00009929,1059.15829727,buy
1501355443,47691433,0.00009915,100.0,buy
1501355308,47690372,0.00009915,5350.0,buy
1501355152,47689410,0.00009915,300.0,buy
1501354979,47688304,0.00009915,1.0,buy
1501354968,47688179,0.00009916,995.69019693,buy
1501354968,47688178,0.00009831,4.30980307,buy
1501354965,47688138,0.00009831,5.69019693,buy
1501354785,47686430,0.00009829,52.73379307,sell
1501354778,47686412,0.00009927,280.0,buy
1501354747,47686324,0.00009927,22.0,buy
1501354649,47686074,0.00009928,1134.54230459,buy
1501354477,47685590,0.00009946,115.77993364,buy
1501354429,47685432,0.00009948,190.0,buy
1501354429,47685431,0.00009923,10.0,buy
1501354386,47685250,0.000099,199.0,sell
1501354361,47685078,0.000099,1607.419372,sell
1501354361,47685077,0.000099,392.580628,sell
1501354322,47684830,0.000099,122.55299979,sell
1501354321,47684820,0.000099,1010.81572829,sell
1501354316,47684751,0.000099,7777.0,sell
1501354316,47684750,0.000099,4866.041807,sell
1501354308,47684693,0.000099,6253.237943,sell
1501354308,47684690,0.000099,3717.1004,sell
1501354308,47684689,0.000099,500.1,sell
1501354308,47684687,0.000099,2460.14412192,sell
1501354307,47684683,0.000099,22.0,buy
1501354307,47684682,0.000099,292.0,buy
1501354307,47684681,0.000099,272.0,buy
1501354307,47684680,0.00009898,7707.007,buy
1501354229,47683533,0.00009899,49.80508876,buy
1501354229,47683532,0.00009899,4.0,buy
1501354229,47683531,0.00009895,10.0,buy
1501354229,47683530,0.00009825,6.99799,buy
1501354229,47683529,0.00009823,0.27379897,buy
1501354181,47683388,0.00009823,672.37020454,buy
1501354180,47683382,0.00009823,2582.16100142,buy
1501354179,47683366,0.00009823,529.61107154,buy
1501354179,47683362,0.00009823,529.61107154,buy
1501354177,47683351,0.00009823,89.57433601,buy
1501354172,47683341,0.00009823,1000.0,buy
1501354168,47683335,0.000098,925.88456988,sell
1501354168,47683334,0.000098,18.5,sell
1501354168,47683333,0.000098,0.65306122,sell
1501354168,47683332,0.000098,7.93876984,sell
1501354168,47683331,0.000098,123.63785714,sell
1501354167,47683318,0.00009823,1669.01974152,buy
1501354166,47683316,0.00009823,1098.49172673,buy
1501354153,47683241,0.00009823,2845.54608334,buy
1501354153,47683240,0.00009822,500.0,buy
1501354153,47683239,0.000098,557.0,buy
1501354153,47683238,0.000098,260.25213581,buy
1501354152,47683221,0.000098,5120.41836734,buy
1501354148,47683204,0.000098,1039.7755102,buy
1501354148,47683203,0.000098,526.56122448,buy
1501354148,47683202,0.000098,848.62244897,buy
1501354148,47683201,0.000098,146.92857142,buy
1501354147,47683191,0.000098,1157.8877551,buy
1501354147,47683190,0.000098,635.08161728,buy
1501354146,47683181,0.000098,5909.93877551,buy
1501354145,47683160,0.000098,2651.89038441,buy
1501354144,47683154,0.000098,17.1632653,buy
1501354143,47683143,0.000098,109.10204081,buy
1501354142,47683137,0.000098,3509.3877551,buy
1501354141,47683121,0.000098,6511.6632653,buy
1501354141,47683117,0.000098,108.8877551,buy
1501354140,47683109,0.000098,1043.30612244,buy
1501354138,47683070,0.000098,2646.04081632,buy
1501354138,47683069,0.000098,0.61224489,buy
1501354138,47683063,0.000098,1454.87755102,buy
1501354137,47683054,0.000098,6264.83673469,buy
1501354134,47683029,0.000098,5800.07750551,buy
1501354134,47683028,0.00009798,355.1367802,buy
1501354130,47683017,0.000098,54236.688153,buy
1501354130,47683016,0.000098,40.0,buy
1501354130,47683015,0.000098,2663.6844898,buy
1501354130,47683014,0.00009798,19899.0,buy
1501354130,47683013,0.00009798,4934.7742284,buy
1501354130,47683012,0.00009798,918.23432839,buy
1501354130,47683011,0.00009795,3553.24400449,buy
1501354119,47682956,0.00009795,2646.75599551,buy
1501354079,47682772,0.0000978,0.00000503,buy
1501354003,47682348,0.0000978,141.28176277,buy
1501353972,47681968,0.00009755,179.97279956,buy
1501353969,47681888,0.00009755,169.8573431,buy
1501353969,47681887,0.0000975,0.000005,buy
1501353963,47681807,0.0000975,102.31794895,buy
1501353931,47681216,0.0000975,297.68204605,buy
1501353930,47681208,0.00009745,109.118068,sell
1501353926,47681130,0.00009745,208.145337,sell
1501353889,47680769,0.00009745,6372.04530339,buy
1501353847,47680563,0.00009745,513.69698446,buy
1501353819,47680361,0.00009745,89.66639302,buy
1501353816,47680346,0.00009745,100.0,buy
1501353815,47680342,0.00009745,250.0,buy
1501353797,47680289,0.00009744,500.0,buy
1501353784,47680234,0.00009744,1000.0,buy
1501353773,47680218,0.00009744,1000.0,buy
1501353463,47679631,0.0000974,10.0,sell
1501353462,47679630,0.0000974,51.0,sell
1501353452,47679614,0.00009744,200.0,buy
1501353426,47679599,0.00009744,1800.0,buy
1501353406,47679581,0.00009744,130.20699701,buy
1501353392,47679565,0.00009744,144.43300299,buy
1501353380,47679548,0.00009744,25.0,buy
1501353369,47679533,0.000097,387.0,sell
1501353358,47679515,0.000097,444.0,buy
1501353358,47679514,0.000097,100.0,buy
1501353327,47679451,0.00009689,1859.91012092,buy
1501353327,47679450,0.00009689,2589.98149771,buy
1501353246,47679251,0.0000969,200.0,buy
1501353244,47679245,0.0000969,104.71692466,buy
1501353231,47679176,0.0000969,200.0,buy
1501353180,47679071,0.0000969,2269.662,buy
1501353180,47679070,0.00009688,7730.338,buy
1501353139,47679024,0.00009659,1000.0,buy
1501353105,47678952,0.0000966,87.28861923,buy
1501353105,47678951,0.000096,0.11138077,buy
1501353104,47678949,0.000096,97.1651233,buy
1501353104,47678948,0.000096,202.72349593,sell
1501353100,47678938,0.00009661,1000.0,buy
1501353029,47678695,0.000096,2823.006,sell
1501353016,47678660,0.00009669,3200.0,buy
1501352976,47678607,0.00009675,49.0,buy
1501352971,47678600,0.000096,14.83504168,buy
1501352970,47678596,0.000096,261.16495832,buy
1501352928,47678522,0.0000947,771.129384,sell
1501352928,47678518,0.0000947,2636.54567408,buy
1501352928,47678517,0.0000947,242.0,sell
1501352927,47678509,0.000095,64.0,sell
1501352927,47678508,0.000095,442.0,sell
1501352927,47678507,0.000095,2550.0,sell
1501352927,47678506,0.00009545,10.05,sell
1501352927,47678505,0.000096,278.0,sell
1501352927,47678504,0.00009663,63.62505792,sell
1501352926,47678485,0.00009663,824.65663514,sell
1501352926,47678484,0.00009663,1646.57105239,sell
1501352925,47678479,0.00009663,7777.0,sell
1501352925,47678475,0.00009663,2467.75629303,sell
1501352919,47678464,0.000097,617.40082474,buy
1501352853,47678341,0.000097,11.23875289,buy
1501352853,47678340,0.000097,491.0,buy
1501352823,47678273,0.000097,516.0,buy
1501352803,47678229,0.0000969,865.201644,sell
1501352796,47678203,0.0000969,300.0,sell
1501352772,47678150,0.0000969,100.0,buy
1501352772,47678149,0.0000969,300.0,buy
1501352553,47677791,0.000097,1.92487031,sell
1501352547,47677784,0.000097,626.19050568,sell
1501352545,47677771,0.000097,2294.76918316,sell
1501352545,47677769,0.000097,115.60787982,sell
1501352543,47677763,0.000097,71.46616585,sell
1501352538,47677759,0.000097,355.40957838,sell
1501352526,47677731,0.000097,1425.45274547,sell
1501352521,47677719,0.000097,1296.22690638,sell
1501352521,47677718,0.000097,127.7677315,sell
1501352520,47677712,0.000097,300.0,sell
1501352514,47677704,0.000097,1422.53694403,sell
1501352514,47677697,0.000097,176.47336569,sell
1501352514,47677695,0.000097,1421.14664781,sell
1501352512,47677692,0.000097,136.95168484,sell
1501352510,47677687,0.000097,2377.9932201,sell
1501352510,47677683,0.000097,438.22314775,sell
1501352509,47677681,0.000097,300.0,sell
1501352508,47677673,0.000097,668.23514333,sell
1501352473,47677579,0.000097,3604.705742,sell
1501352472,47677578,0.000097,1110.525536,sell
1501352472,47677577,0.000097,2252.23021839,sell
1501352472,47677576,0.000097,464.47492161,sell
1501352469,47677560,0.000097,118.96541436,sell
1501352468,47677558,0.000097,2460.64283856,sell
1501352466,47677554,0.000097,200.0,sell
1501352466,47677553,0.000097,824.52548526,sell
1501352466,47677552,0.000097,1017.50638747,sell
1501352465,47677547,0.000097,108.9270059,sell
1501352461,47677534,0.000097,6869.979175,sell
1501352460,47677533,0.000097,953.868426,sell
1501352460,47677532,0.000097,4106.739947,sell
1501352459,47677524,0.000097,3419.22062132,sell
1501352459,47677523,0.000097,2937.60742968,sell
1501352457,47677519,0.000097,9.989995,sell
1501352457,47677518,0.000097,5048.764205,sell
1501352447,47677467,0.000097,3.63837032,sell
1501352447,47677466,0.00009705,175.02818568,sell
1501352445,47677461,0.00009705,3.63837083,sell
1501352431,47677436,0.00009705,1100.535547,sell
1501352431,47677435,0.00009705,9.989995,sell
1501352423,47677423,0.000097,59.250407,sell
1501352412,47677405,0.000097,202.97764501,sell
1501352411,47677401,0.000097,3.93091244,sell
1501352411,47677400,0.00009702,6.76664956,sell
1501352405,47677379,0.00009725,1116.52544987,sell
1501352403,47677359,0.00009725,2762.944202,sell
1501352384,47677308,0.00009725,3500.0,sell
1501352373,47677279,0.00009725,7186.974961,sell
1501352367,47677267,0.00009725,1594.439065,sell
1501352365,47677255,0.00009725,79.334508,sell
1501352365,47677254,0.00009725,1514.975746,sell
1501352362,47677239,0.00009725,19.97999,sell
1501352361,47677236,0.00009725,5296.264929,sell
1501352361,47677235,0.00009725,1494.99575579,sell
1501352359,47677228,0.00009725,9.989995,sell
1501352359,47677227,0.00009725,4994.999995,sell
1501352344,47677170,0.000097,59.94,sell
1501352343,47677165,0.000097,156.79703009,sell
1501352343,47677164,0.00009701,60.0,sell
1501352343,47677163,0.00009702,262.66180991,sell
1501352343,47677162,0.00009702,17.994,sell
1501352164,47676552,0.00009745,187.66546947,buy
1501352162,47676542,0.00009745,187.66546947,buy
1501352162,47676541,0.00009745,6975.969,buy
1501352161,47676536,0.00009745,67.94253463,buy
1501352161,47676535,0.00009701,60.0,buy
1501352089,47676387,0.00009745,0.1,buy
1501352061,47676324,0.000097,719.34419009,sell
1501352061,47676323,0.000097,1112.78361999,sell
1501352061,47676322,0.000097,181.03842592,sell
1501352061,47676321,0.000097,915.29326196,sell
1501352061,47676320,0.00009724,85.90179704,sell
1501352061,47676319,0.00009724,1890.0,sell
1501352060,47676314,0.00009745,5255.24884556,buy
1501351962,47676160,0.00009724,10.0,sell
1501351925,47676090,0.00009724,100.0,buy
1501351887,47676019,0.00009724,1000.0,buy
1501351819,47675893,0.000097,11.928897,sell
1501351819,47675892,0.000097,2.351337,sell
1501351818,47675891,0.00009724,14.294529,buy
1501351720,47675669,0.00009724,1020.33453199,buy
1501351702,47675606,0.00009724,78.154559,buy
1501351701,47675604,0.00009724,1110.61192188,buy
1501351701,47675603,0.00009724,477.168669,buy
1501351701,47675602,0.00009723,256.85373812,buy
1501351699,47675581,0.00009723,942.103086,buy
1501351696,47675564,0.000097,109.68042,sell
1501351694,47675559,0.00009723,109.79020979,buy
1501351674,47675442,0.000097,477.168669,sell
1501351661,47675352,0.000097,8.54571889,sell
1501351661,47675351,0.000097,2973.28804811,sell
1501351659,47675346,0.000097,2581.630813,sell
1501351653,47675326,0.000097,279.191503,sell
1501351547,47674841,0.000097,2500.0,buy
1501351547,47674840,0.000097,8628.17331419,buy
1501351466,47674222,0.000097,133.02952381,buy
1501351443,47674179,0.000097,1038.797162,buy
1501351443,47674178,0.00009699,100.0,buy
1501351442,47674166,0.00009699,3371.00441963,buy
1501351442,47674165,0.00009699,2463.10594448,buy
1501351424,47674115,0.00009663,4158.884259,sell
1501351423,47674111,0.00009663,4994.999992,sell
1501351423,47674108,0.00009663,4995.000003,sell
1501351421,47674098,0.00009663,4994.999992,sell
1501351419,47674092,0.00009663,3462.451084,sell
1501351418,47674087,0.00009663,944.306225,sell
1501351417,47674085,0.00009663,745.25148174,sell
1501351417,47674084,0.00009663,200.0,sell
1501351413,47674079,0.00009663,191.60213717,sell
1501351413,47674078,0.00009663,192.433514,sell
1501351413,47674076,0.00009663,1901.63034047,sell
1501351411,47674065,0.00009663,248.7389192,sell
1501351411,47674062,0.00009663,248.24144136,sell
1501351411,47674061,0.00009663,2460.49963367,sell
1501351410,47674058,0.00009663,702.30565334,buy
1501351410,47674057,0.00009663,42.69527,buy
1501351410,47674056,0.00009663,702.23542,buy
1501351256,47673944,0.00009695,400.0,buy
1501350961,47673468,0.00009699,6.69434666,sell
1501350961,47673467,0.00009699,702.30565334,sell
1501350960,47673465,0.00009699,1.0,buy
1501350884,47673291,0.000097,100.0,buy
1501350880,47673280,0.00009699,100.0,buy
1501350879,47673275,0.00009699,100.0,buy
1501350876,47673273,0.000097,100.0,buy
1501350869,47673241,0.000097,100.0,buy
1501350868,47673236,0.000097,100.0,buy
1501350866,47673233,0.000097,100.0,buy
1501350866,47673230,0.000097,100.0,buy
1501350865,47673225,0.000097,100.0,buy
1501350863,47673223,0.000097,100.0,buy
1501350862,47673222,0.000097,100.0,buy
1501350861,47673221,0.000097,100.0,buy
1501350860,47673219,0.000097,100.0,buy
1501350859,47673215,0.000097,57.30474,buy
1501350859,47673214,0.00009699,42.69526,buy
1501350856,47673205,0.00009699,100.0,buy
1501350853,47673198,0.000097,100.0,buy
1501350849,47673189,0.00009698,100.0,buy
1501350847,47673185,0.00009699,100.0,buy
1501350843,47673179,0.000097,100.0,buy
1501350841,47673171,0.000097,100.0,buy
1501350839,47673164,0.000097,100.0,buy
1501350667,47672697,0.00009446,0.12728135,buy
1501350667,47672696,0.00009446,85.79179704,buy
1501350667,47672695,0.00009446,0.11,buy
1501350586,47672499,0.0000967,3.55532575,buy
1501350581,47672496,0.0000967,10.0,buy
1501350558,47672431,0.0000967,0.52559586,sell
1501350558,47672430,0.0000967,99.47440414,sell
1501350553,47672409,0.0000967,27.646,sell
1501350552,47672405,0.0000967,72.354,buy
1501350546,47672378,0.0000967,100.0,buy
1501350540,47672338,0.0000967,100.0,buy
1501350536,47672330,0.0000967,100.0,buy
1501350531,47672329,0.0000967,100.0,buy
1501350518,47672319,0.0000967,23.35828,buy
1501350518,47672318,0.0000967,476.64172,buy
1501350493,47672269,0.00009471,502.69201977,sell
1501350493,47672267,0.0000967,500.0,sell
1501350481,47672245,0.0000967,0.60929348,sell
1501350481,47672244,0.0000967,69.13278653,sell
1501350481,47672243,0.00009538,420.25791999,buy
1501350481,47672242,0.00009538,10.0,buy
1501350452,47672181,0.0000967,420.25791999,sell
1501350452,47672180,0.0000967,79.74208001,buy
1501350443,47672150,0.0000967,79.74208,sell
1501350442,47672148,0.0000967,100.0,buy
1501350442,47672147,0.0000967,320.25791999,buy
1501350426,47672126,0.0000967,500.0,buy
1501350406,47672083,0.0000967,500.0,buy
1501350353,47671904,0.0000967,177.52190083,buy
1501350292,47671774,0.0000968,119.203822,buy
1501350257,47671685,0.000097,1865.41279292,buy
1501350257,47671684,0.0000969,594.13932,buy
1501350257,47671680,0.0000969,4001.0,buy
1501350156,47671423,0.0000966,28.485944,buy
1501350156,47671422,0.0000966,464.97861,buy
1501350044,47671100,0.00009601,400.0621,buy
1501350044,47671099,0.000096,99.9379,buy
1501349961,47670884,0.00009633,38.44077649,buy
1501349958,47670880,0.00009638,50.0,buy
1501349952,47670869,0.00009639,10.0,buy
1501349946,47670861,0.00009641,10.0,buy
1501349939,47670856,0.00009646,10.0,buy
1501349919,47670825,0.00009656,10.0,buy
1501349845,47670696,0.00009687,64.47822131,buy
1501349845,47670695,0.00009525,49.37383255,buy
1501349845,47670694,0.0000952,101.24226178,buy
1501349845,47670693,0.00009519,584.90568436,buy
1501349679,47670378,0.00009399,55.54,buy
1501349451,47670081,0.0000933,486.51427245,sell
1501349451,47670080,0.00009339,10.05,sell
1501349451,47670079,0.0000935,146.49803741,sell
1501349451,47670078,0.00009362,222.85576214,sell
1501349449,47670077,0.00009452,219.25019573,sell
1501349449,47670076,0.00009452,366.29626651,sell
1501349448,47670066,0.00009452,251.100665,sell
1501349447,47670060,0.00009452,579.86656744,sell
1501349400,47669999,0.00009452,1302.73650105,sell
1501349400,47669998,0.00009453,111.0,sell
1501349400,47669997,0.00009455,225.77242255,sell
1501349400,47669996,0.00009455,116.65082597,sell
1501349400,47669995,0.00009455,243.84025043,sell
1501349300,47669866,0.00009565,15.0,buy
1501349233,47669750,0.00009614,93.429985,buy
1501349131,47669642,0.00009452,10.0,buy
1501348942,47669190,0.0000935,0.56608686,buy
1501348941,47669186,0.0000935,1997.43847467,buy
1501348939,47669179,0.00009496,221.13999999,sell
1501348932,47669163,0.0000934,267.72991005,sell
1501348655,47668217,0.0000933,8.11259965,sell
1501348655,47668216,0.0000933,129.12419035,sell
1501348655,47668215,0.0000933,862.76321,sell
1501348449,47667329,0.00009318,791.35681955,sell
1501348449,47667328,0.00009318,3596.5722,sell
1501348449,47667327,0.00009319,6952.638,sell
1501348440,47667293,0.00009314,2329.44211034,sell
1501348440,47667292,0.00009315,7504.805,sell
1501348440,47667291,0.00009315,3977.5389,sell
1501348429,47667265,0.00009311,3906.76663324,buy
1501348428,47667264,0.00009311,2674.58566676,buy
1501348428,47667256,0.00009311,1073.9984964,sell
1501348428,47667255,0.00009312,3733.779,sell
1501348428,47667254,0.00009351,1311.36977346,sell
1501348428,47667253,0.00009355,349.5,sell
1501348409,47667207,0.0000936,10000.0,sell
1501348409,47667206,0.00009361,243.1,sell
1501348409,47667205,0.00009363,20.0,sell
1501348409,47667204,0.00009366,1199.88,sell
1501348409,47667203,0.00009367,1200.0,sell
1501348409,47667202,0.00009371,87.5,sell
1501348376,47667174,0.00009628,39.2500353,buy
1501348376,47667173,0.000096,16.61,buy
1501348370,47667166,0.00009378,49.40099999,sell
1501348370,47667165,0.00009378,151.3091968,sell
1501348370,47667164,0.00009378,2008.6301,sell
1501348370,47667163,0.00009379,1987.663,sell
1501348312,47667091,0.00009644,215.0,buy
1501348312,47667090,0.00009644,10.0,buy
1501347991,47666701,0.00009367,350.024652,sell
1501347955,47666669,0.00009728,297.21068512,buy
1501347955,47666668,0.00009724,75.7721,buy
1501347843,47666575,0.0000975,833.659,buy
1501347567,47666305,0.00009411,350.024652,buy
1501347553,47666292,0.00009411,514.81176059,buy
1501347544,47666276,0.00009368,75.848,sell
1501347538,47666268,0.00009366,248.44,sell
1501347538,47666267,0.00009367,6480.422,sell
1501347538,47666266,0.00009367,771.138,sell
1501347521,47666238,0.000098,4236.3155102,buy
1501347521,47666237,0.000098,577.0,buy
1501347521,47666236,0.00009799,3.0,buy
1501347521,47666235,0.0000979,5.0,buy
1501347521,47666234,0.00009787,334.29979996,buy
1501347521,47666233,0.00009727,938.77549711,buy
1501347521,47666232,0.00009723,1308.74703391,buy
1501347521,47666231,0.0000972,10000.0,buy
1501347521,47666230,0.00009715,150.0,buy
1501347521,47666229,0.00009714,85.56647744,buy
1501347521,47666228,0.0000971,3129.0,buy
1501347521,47666227,0.000097,432.0,buy
1501347521,47666226,0.000097,20.44844895,buy
1501347521,47666225,0.000097,4000.0,buy
1501347521,47666224,0.00009699,500.0,buy
1501347521,47666223,0.0000969,5.0,buy
1501347521,47666222,0.00009683,105.88005212,buy
1501347521,47666221,0.00009678,40.0,buy
1501347521,47666220,0.00009657,998.0,buy
1501347521,47666219,0.000096,436.0,buy
1501347521,47666218,0.0000959,5.0,buy
1501347521,47666217,0.00009539,4672.04283118,buy
1501347521,47666216,0.00009539,10.0,buy
1501347521,47666215,0.00009538,825.883,buy
1501347521,47666214,0.00009536,3038.364,buy
1501347521,47666213,0.00009536,1723.7426,buy
1501347521,47666212,0.0000952,175.68834819,buy
1501347521,47666211,0.00009514,199.8,buy
1501347521,47666210,0.00009512,5000.0,buy
1501347521,47666209,0.00009508,10.0,buy
1501347521,47666208,0.000095,10.0,buy
1501347521,47666207,0.000095,271.0,buy
1501347521,47666206,0.000095,1109.7073815,buy
1501347521,47666205,0.00009494,4000.0,buy
1501347521,47666204,0.0000949,1887.942,buy
1501347521,47666203,0.0000949,5.0,buy
1501347521,47666202,0.00009489,74.6253,buy
1501347521,47666201,0.00009426,10.0,buy
1501347521,47666200,0.00009411,1977.91,buy
1501347485,47666159,0.0000925,600.35278981,sell
1501347485,47666158,0.00009275,25.0,sell
1501347485,47666157,0.0000928,210.16616379,sell
1501347485,47666156,0.000093,25.0,sell
1501347485,47666155,0.000093,557.0,sell
1501347485,47666154,0.00009302,1297.0433414,sell
1501347485,47666153,0.00009314,10.05,sell
1501347485,47666152,0.0000932,49.99998946,sell
1501347485,47666151,0.00009351,1311.36977346,sell
1501347485,47666150,0.00009361,7543.69,sell
1501347485,47666149,0.00009362,74.7,sell
1501347485,47666148,0.00009385,1386.13031433,sell
1501347485,47666147,0.00009385,2.0,sell
1501347485,47666146,0.00009386,26.49762775,sell
1501347324,47665974,0.00009411,100.0,buy
1501347148,47665866,0.0000942,9.76583954,sell
1501347058,47665746,0.0000942,0.23416046,buy
1501346890,47665557,0.00009436,29.21884274,buy
1501346890,47665556,0.00009435,0.39061439,buy
1501346890,47665555,0.00009431,0.39054287,buy
1501346880,47665551,0.00009436,43.61363423,buy
1501346880,47665550,0.00009435,0.38636577,buy
1501346821,47665467,0.00009436,98.87757139,buy
1501346821,47665466,0.00009435,1.12242861,buy
1501346764,47665372,0.00009437,100.0,buy
1501346727,47665325,0.00009441,0.1604423,sell
1501346578,47665140,0.00009442,1823.31589161,buy
1501346578,47665139,0.00009409,10.0,buy
1501346578,47665138,0.00009409,0.68410839,buy
1501346524,47665064,0.00009398,10.0,buy
1501346524,47665063,0.00009397,1.02549452,buy
1501346372,47664934,0.00009387,10.0,buy
1501346372,47664933,0.00009386,184.52432229,buy
1501346298,47664799,0.00009385,2.7364336,buy
1501346243,47664760,0.00009351,317.61338311,sell
1501346243,47664759,0.0000938,75.38661689,sell
1501346243,47664758,0.00009385,7.0,sell
1501346051,47664528,0.00009386,77.0,buy
1501345918,47664330,0.00009385,3.11728213,buy
1501345918,47664329,0.00009383,1991.01,buy
1501345737,47664039,0.0000938,2.86338311,buy
1501345475,47663595,0.00009318,0.00001054,buy
1501345472,47663584,0.00009318,1081.28768718,buy
1501345472,47663583,0.00009315,0.00000552,buy
1501345472,47663582,0.00009315,241.01031975,buy
1501345472,47663581,0.00009315,36.0,buy
1501345472,47663580,0.00009315,254.55661719,buy
1501345471,47663575,0.00009315,61.41706407,buy
1501345469,47663567,0.00009315,61.38485786,buy
1501345468,47663564,0.00009315,9229.38271072,buy
1501345466,47663554,0.00009315,2661.71886249,buy
1501345466,47663553,0.00009314,0.05721046,buy
1501345453,47663515,0.00009314,1599.36653954,buy
1501345429,47663461,0.00009314,40.0,buy
1501345421,47663447,0.00009314,622.16,buy
1501345414,47663436,0.00009314,6983.746,buy
1501345394,47663408,0.00009314,600.0,buy
1501345330,47663330,0.00009314,35.0,buy
1501345216,47663171,0.00009314,3.0,buy
1501345074,47663015,0.00009304,78.81190936,sell
1501344969,47662913,0.00009314,304.39151906,buy
1501344943,47662900,0.00009314,96.62873094,sell
1501344943,47662899,0.00009314,45.65,sell
1501344934,47662885,0.00009315,2.00700299,buy
1501344894,47662848,0.00009314,59.28,sell
1501344883,47662832,0.00009315,5.0,buy
1501344862,47662807,0.00009315,20.0,buy
1501344852,47662799,0.00009315,20.0,buy
1501344820,47662707,0.00009315,50.0,buy
1501344806,47662700,0.00009315,1.0,buy
1501344759,47662637,0.00009315,7.0,buy
1501344706,47662586,0.00009315,2333.64,buy
1501344617,47662499,0.00009315,400.0,buy
1501344589,47662471,0.00009315,1000.0,buy
1501344491,47662382,0.00009315,44.52377885,buy
1501344476,47662370,0.00009314,300.0,sell
1501344222,47661968,0.00009314,1095.07,buy
1501344210,47661931,0.00009314,904.0,buy
1501344210,47661930,0.00009314,3.0,buy
1501344196,47661920,0.00009302,0.14,sell
1501344155,47661878,0.00009302,92.72,sell
1501344057,47661773,0.00009302,2.0,sell
1501343793,47661481,0.00009314,3.04554932,buy
1501343751,47661453,0.00009315,22.23267363,buy
1501343751,47661452,0.00009314,2.76732637,buy
1501343705,47661409,0.00009315,1353.10777416,buy
1501343705,47661408,0.00009314,6.09109863,buy
1501343705,47661407,0.00009314,1126.57,buy
1501343705,47661406,0.00009314,316.23877021,buy
1501343650,47661255,0.00009314,349.02351299,buy
1501343629,47661223,0.00009314,1450.0,buy
1501343497,47661104,0.00009314,5.8077168,buy
1501343497,47661103,0.00009314,6.06940882,buy
1501343239,47660824,0.00009314,2.271312,buy
1501343193,47660764,0.00009315,1799.40813134,buy
1501343193,47660763,0.00009314,2.88526466,buy
1501343088,47660665,0.00009315,182.736236,buy
1501342988,47660558,0.00009315,2143.53710964,buy
1501342988,47660557,0.00009314,108.39289036,buy
1501342791,47660397,0.00009315,633.07868106,buy
1501342791,47660396,0.00009305,72.92131894,buy
1501342783,47660391,0.00009305,427.79523644,buy
1501342783,47660390,0.00009304,5.20476356,buy
1501342591,47660217,0.00009305,696.88344462,buy
1501342591,47660216,0.00009304,4.21455838,buy
1501342507,47660069,0.0000922,317.08800857,sell
1501342503,47660056,0.00009308,1000.0,buy
1501342223,47659451,0.00009315,495.78643176,buy
1501342223,47659450,0.00009314,4.21356824,buy
1501342199,47659359,0.00009317,0.13589598,buy
1501342102,47659194,0.00009317,495.7873976,buy
1501342102,47659193,0.00009316,4.2126024,buy
1501342060,47659178,0.00009318,493.97067005,buy
1501342060,47659177,0.00009317,6.02932995,buy
1501341974,47659100,0.0000932,307.03301537,buy
1501341974,47659099,0.00009316,8.17978374,buy
1501341937,47659048,0.0000932,376.70346442,buy
1501341937,47659047,0.00009318,8.17748293,buy
1501341853,47658931,0.00009318,5.0,buy
1501341795,47658800,0.00009209,985.21946864,sell
1501341795,47658799,0.00009316,1.0,sell
1501341795,47658798,0.00009316,13.78053136,sell
1501341737,47658729,0.00009319,40.0,buy
1501341701,47658687,0.00009319,87.0,buy
1501341650,47658668,0.00009317,64.72648386,buy
1501341650,47658666,0.00009317,133.7807418,buy
1501341637,47658643,0.00009316,13.21946864,buy
1501341635,47658637,0.00009209,5842.02734196,sell
1501341635,47658636,0.00009209,85.73795335,sell
1501341635,47658635,0.0000921,3000.0,sell
1501341635,47658634,0.00009214,10.05,sell
1501341635,47658633,0.00009226,476.91307175,sell
1501341635,47658632,0.00009229,2105.131,sell
1501341635,47658631,0.00009232,1083.18890815,sell
1501341635,47658630,0.0000926,100.0,sell
1501341635,47658629,0.00009266,110.37814551,sell
1501341635,47658628,0.00009274,940.65681073,sell
1501341635,47658627,0.00009285,1452.04676855,sell
1501341596,47658602,0.00009285,231.97748844,sell
1501341596,47658601,0.00009285,230.43493912,sell
1501341596,47658600,0.000093,100.5,sell
1501341596,47658599,0.000093,400.0,sell
1501341569,47658585,0.0000932,230.43493912,buy
1501341522,47658477,0.00009321,450.0,sell
1501341509,47658457,0.00009321,100.0,sell
1501341493,47658419,0.00009437,502.4,buy
1501341253,47658112,0.00009486,266.54,sell
1501341031,47657816,0.00009354,166.786,sell
1501340989,47657768,0.00009303,403.34714607,sell
1501340989,47657767,0.0000935,35.10627977,sell
1501340989,47657766,0.00009363,38.31235892,sell
1501340989,47657765,0.0000945,1.0,sell
1501340986,47657762,0.00009487,6.0,buy
1501340819,47657402,0.0000949,1003.00100299,buy
1501340767,47657297,0.00009489,1791.014303,buy
1501340767,47657296,0.00009488,8.985697,buy
1501340762,47657278,0.0000949,0.03287225,sell
1501340732,47657236,0.00009491,63.92142979,buy
1501340732,47657235,0.00009491,386.07857021,buy
1501340709,47657201,0.00009491,0.19342979,buy
1501340682,47657162,0.00009491,850.0,buy
1501340664,47657132,0.00009491,372.0,buy
1501340586,47657032,0.0000949,9.80367127,sell
1501340573,47656998,0.0000949,2287.64316623,sell
1501340572,47656997,0.0000949,930.089,buy
1501340572,47656996,0.0000949,10.95749025,buy
1501340572,47656995,0.0000949,49.95,buy
1501340572,47656994,0.0000949,770.57141,buy
1501340572,47656993,0.0000949,940.95239,buy
1501340474,47656873,0.00009495,298.97775603,buy
1501340474,47656872,0.00009495,985.84441,buy
1501340474,47656871,0.00009494,15.17783397,buy
1501340439,47656842,0.000095,25.55469004,buy
1501340430,47656841,0.000095,22.71240002,buy
1501340430,47656840,0.00009498,15.17563598,buy
1501340430,47656839,0.00009498,12.111964,buy
1501340352,47656792,0.00009499,0.15349153,sell
1501340351,47656791,0.00009499,30.05179324,sell
1501340338,47656782,0.0000945,555.750336,sell
1501340337,47656778,0.0000945,12.0976098,sell
1501340335,47656772,0.0000945,21.97965175,sell
1501340296,47656749,0.0000945,475.31129,sell
1501340292,47656734,0.0000945,695.57511868,sell
1501340291,47656729,0.00009437,964.08958,buy
1501340291,47656728,0.00009436,949.651,buy
1501340291,47656727,0.00009435,17.54541375,buy
1501340233,47656661,0.00009315,19.89372023,sell
1501340231,47656659,0.00009315,49.95,sell
1501340231,47656658,0.0000934,10.05,sell
1501339870,47656273,0.00009454,244.12769818,buy
1501339870,47656272,0.00009453,17.80241894,buy
1501339845,47656259,0.00009457,2163.29994911,buy
1501339845,47656258,0.0000941,299.22509423,buy
1501339841,47656256,0.0000941,200.77490577,buy
1501339841,47656255,0.00009409,18.08397533,buy
1501339831,47656246,0.00009343,850.491221,buy
1501339824,47656229,0.00009343,3482.4823975,buy
1501339824,47656228,0.00009343,2153.319,sell
1501339558,47655930,0.00009406,300.0,sell
1501339558,47655929,0.00009406,900.0,sell
1501339513,47655873,0.00009487,3757.90341741,buy
1501339513,47655872,0.00009486,16.61302441,buy
1501339277,47655411,0.000095,930.17323943,sell
1501339276,47655401,0.000095,4845.948944,sell
1501339276,47655398,0.000095,1110.412429,sell
1501339276,47655396,0.000095,258.48545958,sell
1501339276,47655395,0.000095,1969.1231491,sell
1501339276,47655394,0.000095,4204.70997314,sell
1501339276,47655388,0.000095,3026.70803273,sell
1501339275,47655375,0.000095,400.0,buy
1501339275,47655374,0.00009499,6312.529,buy
1501339275,47655373,0.00009452,10.0,buy
1501339275,47655372,0.00009436,2000.0,buy
1501339275,47655371,0.00009435,40.82207626,buy
1501339253,47655359,0.00009435,5543.79483362,sell
1501339251,47655347,0.00009435,87.262501,sell
1501339250,47655346,0.00009435,695.40475147,sell
1501339249,47655340,0.00009435,47.10011578,buy
1501339249,47655339,0.00009435,1257.19700163,buy
1501339249,47655338,0.00009425,930.439,buy
1501339249,47655337,0.00009423,229.37,buy
1501339102,47655244,0.00009349,555.82417906,buy
1501339101,47655242,0.00009349,582.0,buy
1501338988,47655173,0.00009384,236.40238704,buy
1501338833,47654991,0.00009288,576.2126003,sell
1501338833,47654990,0.00009288,0.71461185,buy
1501338831,47654982,0.00009288,1327.4070407,buy
1501338831,47654981,0.00009287,0.05384384,buy
1501338825,47654977,0.00009287,399.94615616,buy
1501338692,47654857,0.00009287,2000.0,sell
1501338641,47654815,0.00009288,1700.0,buy
1501338637,47654806,0.00009288,457.76464255,buy
1501338617,47654762,0.00009287,777.416729,sell
1501338492,47654574,0.00009287,31.65901401,buy
1501338396,47654410,0.00009288,10.11770592,buy
1501338376,47654377,0.00009288,1000.0,buy
1501338334,47654324,0.00009288,86.5427334,buy
1501338334,47654323,0.00009288,85.0,buy
1501338333,47654320,0.00009288,82.21560616,buy
1501338152,47654128,0.00009288,45.01507321,buy
1501338132,47654073,0.00009288,16.04258621,buy
1501338059,47653966,0.00009288,1765.31696813,buy
1501338017,47653898,0.00009288,10.06602859,buy
1501337994,47653861,0.00009288,790.0,buy
1501337961,47653833,0.00009288,200.504208,buy
1501337938,47653814,0.00009288,200.888224,buy
1501337937,47653808,0.00009288,199.98810164,buy
1501337937,47653807,0.00009288,26.06746863,buy
1501337935,47653782,0.00009289,808.0,sell
1501337922,47653756,0.00009415,39.0,buy
1501337853,47653655,0.00009418,2109.6888535,buy
1501337391,47653211,0.00009297,187.31807999,sell
1501337391,47653210,0.00009297,1000.0,sell
1501337391,47653209,0.000093,400.0,sell
1501337391,47653208,0.000093,999.99999426,sell
1501337391,47653207,0.0000932,930.22628755,sell
1501337391,47653206,0.00009321,229.6,sell
1501337391,47653205,0.0000936,1100.0,sell
1501337391,47653204,0.00009376,10.05,sell
1501337391,47653203,0.00009394,10.05,sell
1501337391,47653202,0.00009396,2761.9926382,sell
1501337330,47653135,0.00009438,27.05657978,buy
1501337142,47652916,0.00009472,10.9609185,buy
1501337142,47652915,0.00009471,29.0390815,buy
1501337035,47652823,0.0000945,115.08911373,sell
1501337035,47652822,0.0000945,199.743682,sell
1501337035,47652820,0.0000945,210.16720427,sell
1501336843,47652538,0.00009519,218.70468438,buy
1501336843,47652537,0.00009518,29.62990959,buy
1501336781,47652433,0.00009396,2197.961428,sell
1501336662,47652230,0.00009396,898.87373821,sell
1501336661,47652226,0.00009488,1226.28887522,sell
1501336660,47652225,0.00009488,2960.35364576,sell
1501336660,47652212,0.00009488,3135.4913092,sell
1501336660,47652210,0.00009488,2784.87616982,sell
1501336545,47651973,0.00009396,4284.98651078,sell
1501336510,47651914,0.00009396,4155.05942302,sell
1501336510,47651913,0.00009396,3336.94057698,sell
1501336314,47651560,0.0000949,4.10978044,buy
1501336310,47651555,0.0000949,84.4157469,buy
1501336300,47651530,0.0000949,490.99101657,buy
1501336299,47651523,0.0000949,1061.06095472,buy
1501336298,47651521,0.0000949,4346.74639436,sell
1501336167,47651332,0.00009517,0.06012125,sell
1501336111,47651280,0.00009517,1753.84694352,sell
1501336102,47651262,0.00009517,2246.09293523,sell
1501336051,47651168,0.00009501,78.75350879,sell
1501336049,47651154,0.00009501,71.24649121,sell
1501336043,47651149,0.00009519,0.24036138,buy
1501336039,47651146,0.0000952,24.11165181,buy
1501336039,47651145,0.0000952,25.88834819,buy
1501336034,47651140,0.00009519,50.0,buy
1501336029,47651138,0.0000952,50.0,buy
1501336025,47651133,0.0000952,3.44794409,buy
1501336025,47651132,0.00009495,16.48,buy
1501336025,47651131,0.00009494,30.07205591,buy
1501335974,47651047,0.00009396,88.34756849,sell
1501335974,47651046,0.00009396,3.0,sell
1501335828,47650799,0.00009509,1.0,buy
1501335825,47650793,0.00009509,2.0,buy
1501335792,47650754,0.00009396,6574.71185453,sell
1501335792,47650753,0.00009396,1617.26044984,sell
1501335695,47650559,0.0000952,120.46370772,buy
1501335695,47650558,0.0000951,100.0,buy
1501335695,47650557,0.00009508,1416.15868772,buy
1501335695,47650556,0.00009507,30.42052934,buy
1501335671,47650533,0.00009396,3288.06017663,sell
1501335671,47650532,0.00009396,1079.86671152,sell
1501335648,47650459,0.00009396,484.95,sell
1501335648,47650458,0.00009425,10.05,sell
1501335569,47650388,0.00009396,535.78886259,sell
1501335569,47650387,0.00009396,994.07379941,sell
1501335431,47650271,0.000094,0.10041228,buy
1501335429,47650262,0.000094,928.62606383,sell
1501335429,47650261,0.000094,538.29787234,sell
1501335429,47650260,0.000094,1466.7772,sell
1501335425,47650259,0.000094,1416.4006534,sell
1501335425,47650258,0.00009428,200.0,sell
1501335309,47650105,0.00009431,985.846,sell
1501335288,47650086,0.00009436,48.33152123,sell
1501335228,47650048,0.00009431,223.03140646,sell
1501335139,47649905,0.00009611,29.03475509,buy
1501335064,47649798,0.00009441,199.99999999,sell
1501335064,47649797,0.00009441,194.62826002,sell
1501334943,47649663,0.00009441,196.64634404,buy
1501334942,47649661,0.00009441,200.0,sell
1501334942,47649660,0.00009441,2144.3272,sell
1501334783,47649468,0.00009667,553.45833333,buy
1501334741,47649401,0.00009676,1634.62169312,buy
1501334741,47649400,0.00009565,10.0,buy
1501334673,47649280,0.0000944,0.30446658,buy
1501334673,47649279,0.0000944,479.02477239,buy
1501334671,47649273,0.0000944,850.42045094,buy
1501334671,47649264,0.0000944,850.95083995,buy
1501334667,47649259,0.0000944,793.805084,sell
1501334667,47649258,0.00009441,4425.255547,sell
1501334667,47649257,0.0000945,1069.79054914,sell
1501334667,47649256,0.0000946,827.05,sell
1501334667,47649255,0.0000946,826.96729,sell
1501334667,47649254,0.00009461,769.431,sell
1501334632,47649183,0.0000945,30.20945086,buy
1501334591,47649127,0.0000945,21.02834777,buy
1501334579,47649104,0.00009449,1862.39899999,sell
1501334579,47649103,0.00009449,1862.2128,sell
1501334556,47649097,0.0000945,51.0986988,buy
1501334451,47648943,0.0000945,100.93087703,buy
1501334425,47648878,0.0000945,30.0339287,buy
1501334422,47648866,0.0000945,279.18538447,buy
1501334421,47648863,0.00009451,10.05,sell
1501334320,47648673,0.00009477,115.0,buy
1501334257,47648585,0.00009477,100.0,sell
1501334257,47648584,0.00009477,1000.0,sell
1501334124,47648418,0.00009479,1476.0,sell
1501334124,47648417,0.00009479,1475.8524,sell
1501334087,47648375,0.00009479,100.0,sell
1501334049,47648345,0.0000948,1856.58107712,sell
1501334049,47648344,0.0000948,4926.52058995,sell
1501334049,47648343,0.0000948,1219.06716844,sell
1501334048,47648332,0.0000948,1854.41224161,sell
1501333973,47648223,0.000095,100.0,sell
1501333788,47647906,0.00009744,1000.0,buy
1501333732,47647835,0.000095,24.35852631,sell
1501333681,47647742,0.00009792,1529.07679738,buy
1501333681,47647741,0.00009774,109.0,buy
1501333681,47647740,0.00009774,459.14595747,buy
1501333681,47647739,0.0000975,10000.0,buy
1501333681,47647738,0.00009721,11522.0154,buy
1501333681,47647737,0.0000972,4685.67436435,buy
1501333681,47647736,0.00009703,105.78132641,buy
1501333681,47647735,0.000097,557.0,buy
1501333681,47647734,0.000097,10500.0,buy
1501333681,47647733,0.000097,3223.0569,buy
1501333681,47647732,0.00009699,2.0,buy
1501333681,47647731,0.00009659,500.0,buy
1501333681,47647730,0.00009657,998.0,buy
1501333681,47647729,0.00009656,7349.265,buy
1501333681,47647728,0.00009614,789.16793179,buy
1501333681,47647727,0.000096,116.0,buy
1501333681,47647726,0.000096,41048.07506548,buy
1501333681,47647725,0.000096,59.22374,buy
1501333681,47647724,0.000096,2.0,buy
1501333627,47647669,0.000096,10.0,buy
1501333615,47647648,0.000096,10.0,buy
1501333508,47647524,0.000096,3469.72145833,buy
1501333456,47647419,0.000096,506.8694641,buy
1501333370,47647313,0.000095,348.31826728,sell
1501333370,47647312,0.000095,650.0,sell
1501333370,47647311,0.000096,1403.36804868,buy
1501333370,47647310,0.000096,403.92194585,buy
1501333370,47647309,0.0000959,1147.71,buy
1501333368,47647305,0.0000959,1100.0,buy
1501333347,47647263,0.0000959,175.75,buy
1501333338,47647248,0.0000959,3.0,buy
1501333281,47647185,0.000096,144.81805415,buy
1501333273,47647180,0.00009503,275.9279301,sell
1501333273,47647179,0.00009503,272.8120699,sell
1501333273,47647178,0.0000955,80.0,sell
1501333219,47647082,0.000096,123.70829751,buy
1501333219,47647081,0.00009599,1.0,buy
1501333219,47647080,0.00009599,136.29170249,buy
1501333168,47647006,0.00009599,2136.89583333,buy
1501333130,47646940,0.00009599,10.0,buy
1501333027,47646764,0.00009599,729.38541666,buy
1501333025,47646762,0.00009599,1303.60416092,buy
1501332944,47646694,0.00009599,360.8328866,buy
1501332642,47646336,0.000096,16.65625,buy
1501332522,47646149,0.000096,474.63541666,buy
1501332510,47646134,0.0000959,764.47416378,sell
1501332509,47646132,0.0000959,4912.53583622,sell
1501332509,47646131,0.0000959,2498.94516378,sell
1501332504,47646111,0.000096,2999.084575,buy
1501332503,47646110,0.0000959,10.0,sell
1501332476,47646071,0.000096,2391.15401413,buy
1501332473,47646069,0.000096,5602.353961,buy
1501332471,47646063,0.000096,1778.23958333,buy
1501332470,47646058,0.000096,7777.0,buy
1501332467,47646042,0.000096,2257.72916666,buy
1501332467,47646041,0.000096,7777.0,buy
1501332466,47646040,0.000096,10885.94791666,buy
1501332465,47646030,0.000096,1195.618428,buy
1501332464,47646028,0.000096,2383.08474575,buy
1501332463,47646025,0.000096,7887.75360871,buy
1501332463,47646024,0.000096,400.0,buy
1501332463,47646023,0.000096,159.0,buy
1501332463,47646022,0.000096,272.0,buy
1501332463,47646021,0.00009599,3938.47312329,buy
1501332461,47645993,0.00009599,418.06846025,buy
1501332461,47645992,0.00009599,438.11867128,buy
1501332461,47645991,0.00009598,85.56647744,buy
1501332461,47645990,0.0000959,1195.6184282,buy
1501332461,47645981,0.0000959,7777.0,buy
1501332461,47645980,0.00009577,5677.01,buy
1501332410,47645815,0.0000958,600.0,buy
1501332339,47645728,0.00009585,100.0,buy
1501332299,47645659,0.0000959,2046.3815718,buy
1501332299,47645658,0.00009588,3924.0386,buy
1501332299,47645657,0.00009587,3925.0114,buy
1501332299,47645656,0.00009586,7201.502,buy
1501332299,47645655,0.000095,2893.0664282,buy
1501332299,47645654,0.000095,150.0,buy
1501332299,47645653,0.000095,269.0,buy
1501332299,47645652,0.00009476,10.0,buy
1501332299,47645651,0.00009456,10.0,buy
1501332265,47645546,0.00009441,1771.35221258,buy
1501332264,47645524,0.00009442,1058.53710172,buy
1501332262,47645512,0.00009443,141.66467236,buy
1501332262,47645511,0.00009438,137.961,buy
1501332262,47645510,0.0000941,10.0,buy
1501332262,47645509,0.000094,0.64878672,buy
1501332262,47645508,0.000094,157.0,buy
1501332262,47645507,0.000094,267.0,buy
1501332262,47645506,0.000094,1642.15192922,buy
1501332262,47645500,0.000094,2404.81850872,buy
1501332246,47645480,0.000094,2.0,buy
1501332132,47645244,0.0000931,438.11867128,sell
1501332131,47645234,0.000094,1287.79786687,buy
1501332131,47645231,0.000094,438.42379182,buy
1501332131,47645230,0.000094,1529.29212814,buy
1501332129,47645215,0.000094,435.98779581,buy
1501332129,47645214,0.000094,394.41699978,buy
1501332129,47645209,0.000094,5069.8616967,buy
1501332128,47645204,0.000094,434.11184279,buy
1501332128,47645203,0.000094,2585.77659005,buy
1501332128,47645200,0.000094,14579.17021276,buy
1501332128,47645197,0.000094,431.78570669,buy
1501332127,47645190,0.000094,9652.78536702,buy
1501332127,47645189,0.000094,2857.30849987,buy
1501332127,47645186,0.000094,304.73907917,buy
1501332127,47645183,0.000094,429.53201656,buy
1501332126,47645173,0.000094,426.49326402,buy
1501332124,47645163,0.000094,424.37315492,buy
1501332124,47645161,0.000094,13823.78723404,buy
1501332124,47645157,0.000094,421.86013169,buy
1501332123,47645152,0.000094,877.4680851,buy
