Timestamp,TradeId,Price,Amount,Type
1497743987,38197162,0.0001673,3.0,buy
1497743948,38197119,0.0001673,0.1,buy
1497743940,38197103,0.0001673,7804.34397808,buy
1497743940,38197102,0.0001672,445.65602192,buy
1497743935,38197075,0.0001672,50.0,buy
1497743934,38197074,0.0001672,250.0,buy
1497743916,38197049,0.0001672,1.0,buy
1497743907,38197027,0.0001672,4.0,sell
1497743902,38197003,0.0001673,32.0,buy
1497743899,38196996,0.0001673,1250.0,buy
1497743893,38196991,0.0001673,4000.0,buy
1497743866,38196924,0.0001673,3.85,buy
1497743858,38196897,0.0001673,980.0,buy
1497743852,38196883,0.0001673,239.0,buy
1497743838,38196855,0.0001673,1099.0,buy
1497743798,38196764,0.00016719,992.46,buy
1497743781,38196745,0.00016719,89.7,buy
1497743754,38196695,0.0001671,300.00512741,buy
1497743754,38196694,0.0001671,456.4943918,buy
1497743724,38196656,0.0001671,113.70436864,buy
1497743724,38196651,0.0001671,55.02351885,buy
1497743692,38196593,0.0001671,228.04191617,buy
1497743692,38196592,0.000167,957.0,buy
1497743647,38196541,0.000167,90.0,buy
1497743622,38196485,0.0001669,108.70007969,buy
1497743529,38196368,0.0001669,100.0,buy
1497743522,38196361,0.0001669,1100.0,buy
1497743489,38196328,0.0001668,1700.0,buy
1497743455,38196288,0.0001669,3.0,buy
1497743426,38196200,0.0001671,2.0,buy
1497743415,38196141,0.0001671,2.0,buy
1497743415,38196140,0.000167,900.00371058,sell
1497743415,38196139,0.000167,100.0,sell
1497743325,38195629,0.0001671,350.0,buy
1497743314,38195551,0.0001671,410.0,buy
1497743312,38195540,0.000167,1452.92083833,sell
1497743312,38195539,0.000167,547.07916167,sell
1497743281,38195360,0.0001671,2.6277678,buy
1497743270,38195301,0.0001671,25.0,buy
1497743230,38195048,0.000167,52.92083833,sell
1497743230,38195047,0.000167,5882.0,sell
1497743230,38195046,0.000167,898.20359281,sell
1497743230,38195045,0.000167,1166.87556886,sell
1497743220,38194991,0.0001671,0.47636146,buy
1497743176,38194747,0.0001671,8.86881509,buy
1497743174,38194679,0.000167,213.74141936,sell
1497743163,38194619,0.0001671,100.0,buy
1497743134,38194406,0.0001671,279.0,buy
1497743122,38194344,0.0001671,1000.0,buy
1497743099,38194242,0.0001671,40.0,buy
1497742988,38193716,0.000167,5641.89303986,buy
1497742928,38193608,0.000167,4539.90365269,buy
1497742892,38193569,0.000167,1991.9374799,buy
1497742892,38193568,0.00016688,8.0625201,buy
1497742891,38193567,0.000167,9250.5551497,buy
1497742891,38193566,0.000167,50.46748995,buy
1497742891,38193565,0.00016698,806.25201,buy
1497742891,38193564,0.0001669,5618.9,buy
1497742829,38193413,0.000167,81.733561,buy
1497742829,38193412,0.000167,588.120569,buy
1497742828,38193410,0.00016697,931.86394,buy
1497742826,38193403,0.0001671,643.523459,buy
1497742826,38193402,0.00016699,2121.182,buy
1497742826,38193401,0.00016588,1652.75485092,buy
1497742826,38193400,0.00016428,79.96115412,buy
1497742826,38193399,0.00016428,117.07050346,buy
1497742762,38193288,0.0001641,516.98,sell
1497742697,38193079,0.00016428,100.0,sell
1497742690,38193059,0.00016588,5.0,buy
1497742679,38193039,0.00016588,10.0,buy
1497742653,38192986,0.00016588,73.12279961,buy
1497742653,38192985,0.00016588,52.69628647,buy
1497742646,38192977,0.00016588,6.0,buy
1497742638,38192962,0.00016588,20.0,buy
1497742606,38192897,0.00016588,50.0,buy
1497742505,38192643,0.00016587,80.24179982,sell
1497742505,38192642,0.00016587,80.08131622,sell
1497742505,38192639,0.00016587,384.61,buy
1497742505,38192638,0.00016586,79.72145594,buy
1497742459,38192602,0.00016587,90.4159132,buy
1497742417,38192493,0.00016587,0.23,buy
1497742413,38192490,0.00016587,0.27,buy
1497742389,38192455,0.00016599,1.0,buy
1497742370,38192401,0.00016599,2.0,buy
1497742347,38192341,0.00016599,5.0,buy
1497742337,38192327,0.00016599,5.0,buy
1497742328,38192314,0.000166,2.0,buy
1497742314,38192259,0.00016608,595.0,buy
1497742306,38192251,0.000166,20.0,buy
1497742291,38192197,0.0001662,1115.0,buy
1497742248,38192014,0.00016531,4.26,buy
1497742188,38191769,0.0001663,0.03023978,sell
1497742181,38191711,0.00016631,37.0,buy
1497742135,38191595,0.00016638,58.496063,sell
1497742113,38191524,0.00016638,16.503937,buy
1497742058,38191331,0.0001664,685.77944711,buy
1497742024,38191144,0.0001664,100.0,buy
1497742010,38191120,0.00016648,1.1,buy
1497741999,38191085,0.00016638,58.04495192,buy
1497741980,38191015,0.00016638,186.00265657,buy
1497741950,38190926,0.0001664,50.0,buy
1497741918,38190853,0.00016638,365.75513514,buy
1497741904,38190806,0.0001663,0.95755336,sell
1497741904,38190805,0.0001663,63.85544197,sell
1497741888,38190711,0.0001665,1.0,buy
1497741809,38190295,0.0001665,6.0,buy
1497741807,38190277,0.0001665,204.20426426,buy
1497741781,38190199,0.0001665,0.61,buy
1497741774,38190181,0.0001665,2450.0,buy
1497741769,38190166,0.0001665,1.0,buy
1497741596,38189755,0.0001665,15.94073185,buy
1497741590,38189739,0.0001665,0.58192192,sell
1497741547,38189613,0.0001641,234.42742935,sell
1497741547,38189612,0.00016418,102.0,sell
1497741547,38189611,0.00016427,1462.31302125,sell
1497741547,38189610,0.00016427,1056.86025177,sell
1497741547,38189609,0.00016429,928.62887,sell
1497741547,38189608,0.00016431,928.51583,sell
1497741547,38189607,0.0001652,240.0,sell
1497741547,38189606,0.00016522,90.86310307,sell
1497741547,38189605,0.0001653,2.0,sell
1497741547,38189604,0.0001653,213.93200242,sell
1497741547,38189603,0.0001654,600.0,sell
1497741547,38189602,0.0001654,60.45949214,sell
1497741420,38189298,0.0001667,61.17258548,sell
1497741404,38189274,0.00016659,0.1,buy
1497741403,38189272,0.0001666,0.1,buy
1497741402,38189268,0.00016669,0.1,buy
1497741401,38189266,0.0001667,0.1,buy
1497741398,38189260,0.0001667,0.1,buy
1497741396,38189257,0.0001667,0.1,buy
1497741395,38189253,0.0001667,0.1,buy
1497741393,38189252,0.0001667,0.1,buy
1497741391,38189251,0.00016679,0.1,buy
1497741377,38189219,0.0001668,1.0,buy
1497741376,38189214,0.0001668,1.0,buy
1497741373,38189213,0.0001669,1.0,buy
1497741371,38189201,0.0001669,1.0,buy
1497741371,38189200,0.0001669,30.0,buy
1497741368,38189189,0.0001669,1.0,buy
1497741364,38189175,0.0001669,1.0,buy
1497741363,38189165,0.0001669,1.0,buy
1497741362,38189149,0.0001669,1.0,buy
1497741359,38189128,0.00016699,1.0,buy
1497741314,38188976,0.0001669,64.05651135,buy
1497741298,38188956,0.000167,700.0,buy
1497741296,38188952,0.000167,460.0,buy
1497741288,38188922,0.00016729,10.0,buy
1497741267,38188877,0.00016729,397.13959464,buy
1497741267,38188876,0.00016598,87.9761,buy
1497741267,38188875,0.0001659,190.0,buy
1497741267,38188874,0.0001659,522.88430536,buy
1497741233,38188795,0.0001659,0.11413263,buy
1497741167,38188617,0.0001659,1.0,buy
1497741129,38188545,0.0001659,683.73378444,sell
1497741122,38188531,0.00016598,2.0,buy
1497741113,38188507,0.0001659,16.93793553,sell
1497741104,38188476,0.00016598,0.1,buy
1497741101,38188475,0.00016598,0.1,buy
1497741100,38188473,0.00016598,0.1,buy
1497741050,38188343,0.00016598,1.0,buy
1497741040,38188328,0.0001659,801.46739998,buy
1497741034,38188317,0.0001659,10.0,buy
1497741032,38188315,0.0001659,10.0,buy
1497741030,38188313,0.0001659,10.0,buy
1497741026,38188305,0.00016522,69.84297621,buy
1497741026,38188304,0.00016522,394.29392072,buy
1497741026,38188302,0.00016427,2.13974823,sell
1497740998,38188194,0.00016522,10.0,buy
1497740960,38188069,0.00016522,242.1014405,buy
1497740952,38188064,0.00016522,10.0,buy
1497740897,38187921,0.00016522,15.5,buy
1497740894,38187919,0.00016522,328.10463878,buy
1497740894,38187918,0.0001652,873.64704,buy
1497740894,38187917,0.00016427,448.24832122,buy
1497740846,38187857,0.00016427,1.82626164,buy
1497740810,38187799,0.00016427,570.92541714,buy
1497740810,38187798,0.00016427,390.73377286,buy
1497740810,38187797,0.00016418,334.37381,buy
1497740810,38187796,0.00016427,1787.312053,buy
1497740810,38187795,0.00016427,518.36467228,buy
1497740810,38187794,0.00016425,391.70752,buy
1497740810,38187793,0.0001642,334.37380772,buy
1497740803,38187769,0.00016418,0.1,buy
1497740777,38187734,0.00016425,20.0,buy
1497740767,38187690,0.00016418,0.99,sell
1497740766,38187682,0.0001642,20.0,buy
1497740744,38187604,0.00016425,41.0,buy
1497740717,38187479,0.0001611,811.41748448,sell
1497740717,38187478,0.0001611,26.19506076,sell
1497740717,38187477,0.00016112,943.6266,sell
1497740717,38187476,0.0001616,3721.12524752,sell
1497740717,38187475,0.00016162,7030.408,sell
1497740717,38187474,0.0001641,620.52077787,sell
1497740717,38187473,0.0001642,2.27052375,sell
1497740715,38187471,0.00016427,3.0,buy
1497740711,38187447,0.00016427,18.68679245,buy
1497740705,38187422,0.00016427,1720.0,buy
1497740668,38187284,0.00016427,196.76350206,buy
1497740659,38187234,0.0001638,5766.45384623,buy
1497740659,38187233,0.0001638,91.34615377,buy
1497740644,38187163,0.0001642,1.0,buy
1497740640,38187145,0.00016427,333.0,sell
1497740640,38187144,0.00016427,800.43034666,sell
1497740640,38187143,0.00016439,4201.0,sell
1497740640,38187142,0.0001644,20.0,sell
1497740630,38187095,0.00016443,1199.07571611,sell
1497740627,38187081,0.00016516,4299.213,buy
1497740508,38186932,0.00016517,70.0,buy
1497740491,38186902,0.00016443,19910.0,sell
1497740491,38186901,0.000165,90.0,sell
1497740486,38186895,0.0001651,226.7380592,buy
1497740484,38186890,0.00016519,300.4025,buy
1497740481,38186889,0.00016519,0.24,buy
1497740463,38186849,0.0001651,2500.0,buy
1497740458,38186844,0.0001651,2500.0,buy
1497740442,38186812,0.000165,0.14039393,sell
1497740430,38186794,0.0001646,63.93091901,buy
1497740411,38186780,0.0001645,134.57626228,buy
1497740397,38186770,0.00016439,92.47055737,buy
1497740377,38186710,0.00016427,500.0,buy
1497740377,38186709,0.00016427,1719.56965334,buy
1497740373,38186694,0.00016427,280.43034666,buy
1497740373,38186693,0.00016427,1719.56965334,buy
1497740360,38186616,0.00016427,561.0,buy
1497740293,38186234,0.00016427,1.0,buy
1497740270,38186210,0.00016427,30.0,buy
1497740259,38186191,0.00016427,2000.0,buy
1497740250,38186175,0.00016427,2.0,buy
1497740235,38186157,0.00016427,3.0,buy
1497740226,38186140,0.00016427,4.0,buy
1497740212,38186121,0.00016427,10.0,buy
1497740201,38186114,0.00016427,20.0,buy
1497740195,38186096,0.00016427,528.23729226,buy
1497740183,38186064,0.00016427,100.0,buy
1497740047,38185723,0.00016408,1703.17805422,sell
1497740039,38185690,0.00016408,1189.16761373,sell
1497740039,38185689,0.0001641,231.56611822,sell
1497740039,38185688,0.0001641,2.43148475,sell
1497740039,38185687,0.0001641,2248.7586252,sell
1497739972,38185423,0.00016427,2680.2822932,buy
1497739954,38185348,0.0001641,1.34666078,sell
1497739954,38185344,0.00016427,17.07706824,buy
1497739953,38185338,0.0001641,2.13437354,sell
1497739952,38185330,0.0001641,2.69516892,sell
1497739951,38185305,0.0001641,3.1681536,sell
1497739951,38185303,0.00016427,13.72940889,buy
1497739950,38185296,0.0001641,1.03839869,sell
1497739948,38185276,0.0001641,4.39480909,sell
1497739948,38185270,0.0001641,3.21014974,sell
1497739946,38185257,0.0001641,0.18171821,sell
1497739946,38185246,0.0001641,3.73904078,sell
1497739945,38185239,0.0001641,0.79510192,sell
1497739944,38185229,0.00016427,668.89835666,buy
1497739943,38185218,0.0001641,1.75985269,sell
1497739942,38185207,0.0001641,0.25558202,sell
1497739941,38185199,0.00016427,21.48822061,buy
1497739940,38185190,0.0001641,0.59410962,sell
1497739938,38185169,0.0001641,1.13631704,sell
1497739937,38185152,0.0001641,0.13836692,sell
1497739936,38185141,0.0001641,2.15697264,sell
1497739935,38185129,0.0001641,1.24626468,sell
1497739935,38185120,0.0001641,2.08868232,sell
1497739926,38185094,0.00016412,50.0,sell
1497739918,38185064,0.0001641,1.96713469,sell
1497739917,38185052,0.0001641,1.30798949,sell
1497739916,38185048,0.0001641,1.64867208,sell
1497739916,38185042,0.0001641,1.99917233,sell
1497739914,38185035,0.00016427,2.43148475,buy
1497739912,38185030,0.0001641,3.04007884,sell
1497739911,38185008,0.0001641,1.33643875,sell
1497739911,38185003,0.0001641,2.89579177,sell
1497739910,38184991,0.0001641,3.26510803,sell
1497739910,38184983,0.0001641,1.70126562,sell
1497739885,38184903,0.00016408,0.20589357,sell
1497739885,38184899,0.00016408,0.14798983,sell
1497739883,38184887,0.00016408,0.15980442,sell
1497739883,38184881,0.00016408,0.28521119,sell
1497739882,38184871,0.00016408,0.12146859,sell
1497739881,38184860,0.00016408,0.23893744,sell
1497739869,38184832,0.00016427,1.66482011,buy
1497739778,38184718,0.0001639,5503.2,buy
1497739764,38184677,0.0001615,2333.67122129,sell
1497739764,38184676,0.000164,471.05623053,sell
1497739764,38184675,0.0001641,1.0,sell
1497739764,38184674,0.0001641,1.0,sell
1497739763,38184673,0.00016427,122.82140194,buy
1497739763,38184672,0.00016427,1077.17859806,buy
1497739685,38184467,0.00016427,1.0,buy
1497739685,38184466,0.0001641,0.20803068,sell
1497739682,38184452,0.0001641,0.20738728,sell
1497739679,38184435,0.00016427,0.3,buy
1497739653,38184307,0.0001641,100.50388079,sell
1497739626,38184140,0.0001641,0.15662536,sell
1497739618,38184081,0.0001641,0.11427979,sell
1497739618,38184079,0.0001641,0.14082636,sell
1497739618,38184076,0.0001641,0.3419813,sell
1497739609,38184037,0.00016427,1.0,buy
1497739604,38184021,0.0001641,0.11320383,sell
1497739604,38184018,0.0001641,0.22650607,sell
1497739603,38184010,0.0001641,0.22649732,sell
1497739603,38184005,0.0001641,0.15582898,sell
1497739602,38184002,0.0001641,0.20772949,sell
1497739602,38183988,0.0001641,0.11332137,sell
1497739601,38183984,0.0001641,0.22689975,sell
1497739601,38183983,0.00016427,0.41559627,buy
1497739601,38183982,0.00016426,0.13282556,buy
1497739601,38183981,0.0001641,0.22689097,sell
1497739601,38183978,0.0001641,0.15666522,sell
1497739600,38183969,0.0001641,0.22758358,sell
1497739600,38183962,0.0001641,0.22720162,sell
1497739600,38183961,0.0001641,0.11373571,sell
1497739599,38183938,0.0001641,0.22756951,sell
1497739599,38183936,0.0001641,0.22758358,sell
1497739598,38183927,0.0001641,0.22794566,sell
1497739596,38183914,0.0001641,0.34605601,sell
1497739596,38183912,0.0001641,0.31496975,sell
1497739594,38183904,0.0001641,0.23012348,sell
1497739593,38183900,0.0001641,0.23036273,sell
1497739590,38183894,0.0001641,0.30977748,sell
1497739590,38183891,0.0001641,12.0,sell
1497739590,38183887,0.0001641,0.23013238,sell
1497739590,38183883,0.0001641,0.29866372,sell
1497739588,38183873,0.0001641,0.23012348,sell
1497739586,38183862,0.0001641,0.28408935,sell
1497739584,38183852,0.0001641,0.22736997,sell
1497739583,38183847,0.0001641,0.38337791,sell
1497739583,38183845,0.0001641,0.13182305,sell
1497739583,38183841,0.0001641,0.34673919,sell
1497739583,38183837,0.0001641,0.15613149,sell
1497739583,38183833,0.0001641,0.19139638,sell
1497739582,38183825,0.0001641,0.15517791,sell
1497739581,38183817,0.00016427,1.0,buy
1497739557,38183794,0.00016427,10.3566689,buy
1497739556,38183793,0.00016427,179.0,buy
1497739555,38183777,0.00016427,1.0,buy
1497739548,38183768,0.00016427,2.0,buy
1497739507,38183712,0.00016427,725.35913677,buy
1497739507,38183711,0.00016427,96.64086323,buy
1497739465,38183637,0.00016427,121.75077616,buy
1497739449,38183612,0.000164,0.35639143,sell
1497739439,38183597,0.000164,0.25319145,sell
1497739439,38183593,0.000164,0.18900555,sell
1497739438,38183585,0.000164,0.18989156,sell
1497739437,38183580,0.000164,0.44527336,sell
1497739435,38183571,0.000164,0.91536381,sell
1497739434,38183566,0.000164,0.44263587,sell
1497739434,38183565,0.000164,0.11462182,sell
1497739434,38183563,0.000164,0.19028714,sell
1497739434,38183560,0.000164,0.12192781,sell
1497739425,38183523,0.000164,12.0,sell
1497739389,38183403,0.00016427,120.0,buy
1497739387,38183393,0.000164,0.1941132,sell
1497739386,38183385,0.000164,0.29917136,sell
1497739386,38183384,0.000164,0.21704893,sell
1497739386,38183372,0.000164,0.28997833,sell
1497739385,38183365,0.000164,0.23986237,sell
1497739384,38183353,0.000164,0.34345455,sell
1497739384,38183349,0.000164,0.27275403,sell
1497739383,38183341,0.000164,0.35314186,sell
1497739382,38183336,0.000164,0.38315676,sell
1497739382,38183328,0.000164,0.33563629,sell
1497739381,38183321,0.000164,0.29426454,sell
1497739380,38183314,0.000164,0.3129144,sell
1497739379,38183304,0.000164,0.22422323,sell
1497739379,38183301,0.000164,0.22910551,sell
1497739378,38183295,0.000164,0.10146188,sell
1497739378,38183291,0.000164,0.3308754,sell
1497739377,38183278,0.000164,0.31023804,sell
1497739376,38183269,0.000164,0.20313903,sell
1497739375,38183263,0.000164,0.3516051,sell
1497739373,38183244,0.000164,0.2411963,sell
1497739373,38183243,0.000164,0.20750423,sell
1497739373,38183240,0.000164,0.20729672,sell
1497739372,38183236,0.000164,0.15745532,sell
1497739371,38183225,0.000164,0.36103637,sell
1497739371,38183218,0.000164,0.23998452,sell
1497739370,38183210,0.000164,0.35650259,sell
1497739364,38183148,0.000164,0.57077552,sell
1497739361,38183138,0.00016427,1892.58178608,sell
1497739361,38183137,0.00016427,19.02657453,sell
1497739353,38183118,0.00016427,0.53704393,sell
1497739346,38183099,0.00016427,0.33527335,sell
1497739346,38183093,0.00016427,0.10110819,sell
1497739346,38183092,0.00016427,0.48464538,sell
1497739342,38183081,0.00016427,0.60376438,sell
1497739336,38183072,0.00016427,0.51250635,sell
1497739335,38183061,0.00016427,0.51732425,sell
1497739330,38183051,0.00016427,0.53871504,sell
1497739327,38183041,0.00016427,57.85318035,buy
1497739322,38183028,0.000164,0.76586166,sell
1497739322,38183025,0.000164,0.54570891,sell
1497739320,38183015,0.000164,0.30754538,sell
1497739320,38183013,0.000164,0.66528583,sell
1497739320,38183010,0.000164,0.19139049,sell
1497739319,38182992,0.000164,0.54422349,sell
1497739317,38182983,0.000164,0.62355787,sell
1497739316,38182974,0.000164,0.20296837,sell
1497739316,38182970,0.000164,0.6234233,sell
1497739315,38182964,0.000164,0.44717557,sell
1497739315,38182956,0.000164,0.60809687,sell
1497739194,38182764,0.000164,0.57204555,sell
1497739193,38182750,0.00016133,407.35858175,sell
1497739193,38182749,0.00016134,7535.913,sell
1497739193,38182748,0.0001616,17.67942148,sell
1497739193,38182747,0.00016162,17.679421,sell
1497739193,38182746,0.00016163,0.26664603,sell
1497739193,38182745,0.00016249,88.70787553,sell
1497739184,38182722,0.0001625,0.35518906,sell
1497739173,38182705,0.00016249,0.03708474,sell
1497739173,38182704,0.0001625,0.35518906,sell
1497739172,38182702,0.00016276,0.11684064,buy
1497739172,38182701,0.00016276,0.27543316,buy
1497739171,38182692,0.00016276,0.3950495,buy
1497739171,38182691,0.00016277,0.99380889,sell
1497739171,38182690,0.00016277,0.5085396,sell
1497739167,38182660,0.00016274,0.19382932,sell
1497739109,38182353,0.0001616,18.91058061,buy
1497739109,38182352,0.0001616,0.18813705,buy
1497739109,38182349,0.0001616,0.35754635,buy
1497739109,38182332,0.0001616,0.71214457,buy
1497739109,38182331,0.0001616,8070.80661687,buy
1497739109,38182330,0.0001616,0.30826375,buy
1497739108,38182329,0.00016201,0.82278088,sell
1497739108,38182328,0.00016201,0.25459363,sell
1497739108,38182327,0.0001621,100.0,sell
1497739108,38182326,0.00016212,7372.596,sell
1497739108,38182325,0.00016277,0.1600869,sell
1497739108,38182324,0.00016277,0.10732464,sell
1497739108,38182323,0.00016287,0.18813705,sell
1497739108,38182322,0.00016287,0.90249892,sell
1497739108,38182321,0.00016298,0.35754635,sell
1497739108,38182320,0.00016299,0.62329608,sell
1497739108,38182319,0.00016299,0.80398684,sell
1497739108,38182318,0.00016401,1.99585391,sell
1497739099,38182296,0.0001638,419.41480804,buy
1497739090,38182284,0.0001636,135.47463738,buy
1497739090,38182283,0.00016359,0.38605381,buy
1497739090,38182282,0.00016359,0.38605381,buy
1497739083,38182266,0.0001637,1.63,buy
1497739082,38182265,0.0001637,0.1334924,buy
1497739079,38182262,0.00016287,1.0938819,sell
1497739073,38182223,0.00016244,0.69094737,sell
1497739072,38182210,0.00016274,0.5933703,sell
1497739072,38182209,0.00016274,0.10732464,sell
1497739071,38182199,0.00016284,0.37331246,sell
1497739062,38182069,0.000164,1.79457684,sell
1497739061,38182059,0.000164,0.3882019,sell
1497739061,38182058,0.000164,0.42799258,sell
1497739061,38182054,0.000164,1.24679246,sell
1497739060,38182049,0.000164,0.37651356,sell
1497739059,38182032,0.000164,0.15829597,sell
1497739058,38182024,0.000164,0.40984403,sell
1497739057,38182011,0.000164,0.57512211,sell
1497739057,38182010,0.000164,1.21828279,sell
1497739057,38182004,0.000164,0.15908177,sell
1497739056,38181996,0.000164,0.9852606,sell
1497739056,38181993,0.000164,0.42799258,sell
1497739051,38181962,0.000164,1.40523265,sell
1497739049,38181951,0.000164,1.40382742,sell
1497739049,38181950,0.000164,0.69511523,sell
1497739048,38181944,0.000164,1.21112626,sell
1497739042,38181936,0.000164,0.42392947,sell
1497739041,38181932,0.000164,0.61726823,sell
1497739040,38181924,0.000164,0.3882019,sell
1497739035,38181915,0.000164,15.99224542,sell
1497739035,38181914,0.000164,1.85501999,sell
1497739035,38181913,0.00016401,4.15273459,sell
1497739027,38181896,0.0001641,420.0,buy
1497739019,38181868,0.0001641,9.9046056,buy
1497739017,38181861,0.00016409,0.21755091,buy
1497739017,38181860,0.000164,2.4274291,sell
1497739017,38181859,0.000164,0.21755091,sell
1497739016,38181853,0.00016407,0.18737422,sell
1497739016,38181850,0.00016407,0.18999574,sell
1497739016,38181846,0.00016407,2.48179025,sell
1497739016,38181844,0.00016407,0.5988611,sell
1497739016,38181843,0.00016407,0.35056462,sell
1497739015,38181840,0.00016408,1.71838575,sell
1497739015,38181828,0.00016408,0.35057139,sell
1497739013,38181825,0.00016407,0.35057139,buy
1497739013,38181824,0.00016407,2.4274291,buy
1497739013,38181823,0.00016407,0.21755091,buy
1497739013,38181822,0.00016407,0.18737422,buy
1497739012,38181809,0.00016406,0.18737422,sell
1497739012,38181807,0.00016406,0.5988611,sell
1497739011,38181797,0.00016407,0.5988611,sell
1497739010,38181786,0.00016406,0.35057139,buy
1497739005,38181755,0.00016404,3.78053354,sell
1497739005,38181751,0.00016404,2.96116363,sell
1497739005,38181750,0.00016404,2.14618249,sell
1497739003,38181741,0.0001646,50.0,buy
1497739001,38181736,0.00016401,1.98367944,sell
1497739001,38181735,0.0001646,1.67996821,buy
1497739001,38181734,0.00016401,0.73395876,sell
1497739001,38181733,0.00016401,1.67996821,sell
1497739001,38181730,0.00016401,2.14618249,sell
1497739000,38181727,0.00016401,2.48179467,sell
1497738947,38181653,0.0001648,295.59081964,buy
1497738947,38181652,0.00016478,2.21687995,buy
1497738947,38181651,0.00016478,0.28914247,buy
1497738947,38181650,0.00016478,1.90315794,buy
1497738926,38181590,0.00016598,264.85546451,sell
1497738926,38181589,0.00016598,1389.58915273,sell
1497738926,38181585,0.00016598,8.25091262,sell
1497738926,38181584,0.00016598,1.07623231,sell
1497738886,38181511,0.0001662,211.17102286,buy
1497738886,38181510,0.0001661,0.93,buy
1497738812,38181401,0.00016578,916.37681,buy
1497738799,38181379,0.0001661,1.0,buy
1497738786,38181366,0.00016598,5.0,buy
1497738785,38181364,0.000166,5.0,buy
1497738784,38181357,0.000166,5.0,buy
1497738783,38181356,0.0001661,5.0,buy
1497738779,38181350,0.0001662,5.0,buy
1497738772,38181325,0.00016568,5.0,buy
1497738760,38181308,0.00016598,5.0,buy
1497738751,38181296,0.00016628,5.0,buy
1497738741,38181271,0.0001665,2348.00258258,buy
1497738741,38181270,0.00016533,1386.326,buy
1497738741,38181269,0.00016531,760.6101,buy
1497738741,38181268,0.00016518,918.70506,buy
1497738741,38181267,0.0001651,5687.7,buy
1497738740,38181265,0.00016518,1.0,buy
1497738686,38181153,0.0001611,16.21987355,buy
1497738686,38181151,0.0001611,3180.9839028,buy
1497738684,38181144,0.0001611,4.31535571,buy
1497738684,38181140,0.0001611,2.75413611,buy
1497738684,38181139,0.0001611,12629.8,sell
1497738684,38181138,0.0001611,5000.0,sell
1497738684,38181137,0.00016191,0.2,sell
1497738684,38181136,0.000162,27.0,sell
1497738684,38181135,0.00016206,937.93869,sell
1497738684,38181134,0.00016207,7310.38,sell
1497738684,38181133,0.000165,500.0,sell
1497738684,38181132,0.00016638,290.40804183,sell
1497738684,38181131,0.00016648,100.0,sell
1497738595,38180988,0.0001669,296.45793888,buy
1497738595,38180987,0.00016668,0.599,buy
1497738595,38180986,0.0001665,527.0,buy
1497738553,38180979,0.0001665,23.0,buy
1497738553,38180978,0.0001665,27.0,buy
1497738410,38180622,0.00016391,0.2,sell
1497738409,38180621,0.0001639,0.2,sell
1497738409,38180620,0.0001658,15.6759,buy
1497738396,38180593,0.0001649,3.4240606,buy
1497738395,38180592,0.00016384,0.2,sell
1497738395,38180588,0.00016384,0.11424243,sell
1497738395,38180587,0.00016384,0.08575757,sell
1497738395,38180586,0.0001635,0.4,buy
1497738395,38180585,0.00016384,0.2,sell
1497738394,38180580,0.00016383,0.1,sell
1497738393,38180579,0.0001662,0.22185586,buy
1497738377,38180570,0.00016499,0.22185586,sell
1497738376,38180568,0.00016499,0.09018183,sell
1497738376,38180567,0.00016499,0.48575757,sell
1497738376,38180566,0.00016499,2.8240606,sell
1497738376,38180565,0.00016499,0.3,sell
1497738376,38180564,0.00016499,0.3,sell
1497738329,38180477,0.0001643,0.3,buy
1497738327,38180470,0.000165,0.31203769,sell
1497738327,38180469,0.000165,0.48575757,sell
1497738327,38180468,0.000165,3.7240606,sell
1497738325,38180452,0.0001611,18200.24825136,sell
1497738325,38180451,0.0001611,3675.59944134,sell
1497738325,38180450,0.0001612,5000.0,sell
1497738325,38180449,0.0001614,100.0,sell
1497738325,38180448,0.0001615,1050.0,sell
1497738325,38180447,0.0001615,803.43226006,sell
1497738325,38180446,0.0001615,1050.0,sell
1497738325,38180445,0.0001615,1687.0,sell
1497738325,38180444,0.0001616,2870.0,sell
1497738325,38180443,0.0001617,5000.0,sell
1497738325,38180442,0.0001618,250.0,sell
1497738325,38180441,0.0001618,519.2868974,sell
1497738325,38180440,0.000162,50.7,sell
1497738325,38180439,0.000162,6200.0,sell
1497738325,38180438,0.000162,100.0,sell
1497738325,38180437,0.000162,216.48055555,sell
1497738325,38180436,0.000162,1207.64206026,sell
1497738325,38180435,0.00016249,1083.25,sell
1497738325,38180434,0.000163,1210.31,sell
1497738325,38180433,0.000163,100.0,sell
1497738325,38180432,0.0001631,12902.6,sell
1497738325,38180431,0.0001632,410.718872,sell
1497738325,38180430,0.0001635,42.7,sell
1497738325,38180429,0.000164,55.4,sell
1497738325,38180428,0.0001645,494.826,sell
1497738325,38180427,0.00016451,6084.695,sell
1497738325,38180426,0.00016452,1184.698,sell
1497738325,38180425,0.000165,11.5,sell
1497738325,38180424,0.000165,80.0,sell
1497738325,38180423,0.000165,200.13333333,sell
1497738325,38180422,0.00016502,291.63333,sell
1497738325,38180421,0.0001651,90.62689273,sell
1497738325,38180420,0.0001657,3150.0,sell
1497738325,38180419,0.0001657,32.0,sell
1497738325,38180418,0.00016572,918.1285,sell
1497738325,38180417,0.000166,604.76212836,sell
1497738325,38180416,0.0001675,71.62847761,sell
1497738188,38180181,0.0001679,1881.27170935,buy
1497738179,38180177,0.0001675,0.3699,sell
1497738150,38180150,0.0001679,23.42,buy
1497738122,38180103,0.0001679,910.71934953,buy
1497738122,38180102,0.00016777,89.28065047,buy
1497738101,38180067,0.00016777,0.98986889,buy
1497737921,38179714,0.000166,1895.23787164,sell
1497737817,38179626,0.0001677,2000.0,buy
1497737800,38179601,0.00016571,1.42334578,sell
1497737800,38179600,0.00016571,0.18564506,sell
1497737800,38179599,0.00016571,1.35160508,sell
1497737800,38179598,0.00016571,1.03440339,sell
1497737800,38179597,0.00016571,0.13486152,sell
1497737800,38179596,0.00016571,0.17631738,sell
1497737680,38179408,0.0001677,0.1869647,buy
1497737677,38179405,0.000166,48.30942721,sell
1497737651,38179356,0.000166,48.1,sell
1497737641,38179345,0.000166,53.59057279,sell
1497737641,38179344,0.000167,3.15942721,sell
1497737590,38179260,0.0001675,4.25513126,buy
1497737579,38179252,0.0001672,1721.72465,buy
1497737579,38179251,0.00016718,249.27774,buy
1497737556,38179205,0.0001674,60.0,sell
1497737529,38179163,0.0001673,0.8,sell
1497737493,38179074,0.0001651,0.24844978,buy
1497737493,38179073,0.0001651,241.26375022,buy
1497737492,38179072,0.0001671,59.0,sell
1497737453,38178991,0.00016737,225.55320547,buy
1497737380,38178934,0.0001671,2330.0,sell
1497737380,38178933,0.00016726,98.22139184,sell
1497737349,38178900,0.00016726,140.77859597,sell
1497737349,38178899,0.00016728,275.56057697,sell
1497737349,38178898,0.0001673,820.91478004,sell
1497737349,38178897,0.0001673,52.29336521,sell
1497737349,38178896,0.0001673,20.0,sell
1497737349,38178895,0.0001673,2236.93843034,sell
1497737326,38178846,0.0001673,14.8335,sell
1497737314,38178819,0.0001673,0.99451468,sell
1497737303,38178797,0.00016786,164.0953771,buy
1497737235,38178719,0.0001673,747.23355498,buy
1497737194,38178665,0.0001673,2000.0,buy
1497737171,38178629,0.0001673,0.16025104,buy
1497737154,38178567,0.0001673,1002.0,buy
1497737144,38178557,0.0001673,127.25158398,buy
1497737129,38178542,0.0001673,3.0,buy
1497737072,38178501,0.00016728,6.44779133,sell
1497737058,38178489,0.00016728,2.245713,buy
1497737058,38178488,0.00016728,2.2459187,buy
1497737058,38178487,0.0001671,11.5,buy
1497737027,38178423,0.00016511,200.0,sell
1497736992,38178385,0.00016726,5.0,buy
1497736892,38178261,0.00016728,1.0,buy
1497736812,38178169,0.00016671,50.0,buy
1497736806,38178165,0.00016675,1.15,buy
1497736802,38178160,0.00016678,10.0,buy
1497736794,38178151,0.00016437,65.0,sell
1497736786,38178145,0.00016431,65.0,sell
1497736744,38178109,0.0001674,919.60188,buy
1497736744,38178108,0.00016718,455.49812,buy
1497736744,38178107,0.0001671,5724.9,buy
1497736697,38178035,0.0001673,231.77900438,buy
1497736697,38178034,0.00016688,4.5776405,buy
1497736679,38177988,0.0001672,9.1247,buy
1497736625,38177872,0.0001658,2127.16863619,buy
1497736618,38177865,0.000166,1.98650602,buy
1497736618,38177864,0.000166,2823.69276598,sell
1497736618,38177863,0.00016607,1.98650602,sell
1497736618,38177862,0.00016608,0.25909638,sell
1497736606,38177853,0.0001677,120.99177494,buy
1497736605,38177848,0.00016601,587.4208587,sell
1497736605,38177847,0.00016778,1832.98106,sell
1497736604,38177837,0.00016778,911.5484,buy
1497736604,38177836,0.00016778,921.43266,buy
1497736604,38177835,0.00016604,2.64879518,sell
1497736603,38177825,0.00016604,0.25909638,sell
1497736603,38177824,0.00016604,1.98650602,sell
1497736603,38177819,0.000163,100.0,sell
1497736603,38177818,0.00016302,100.0,sell
1497736603,38177817,0.00016303,1.18142093,sell
1497736603,38177816,0.000164,100.0,sell
1497736603,38177815,0.00016402,100.0,sell
1497736603,38177814,0.00016488,2884.80526147,sell
1497736603,38177813,0.00016489,7333.711,sell
1497736603,38177812,0.000166,2.64879518,sell
1497736603,38177811,0.000166,275.4590928,sell
1497736603,38177810,0.000166,0.25909638,sell
1497736603,38177809,0.000166,1.98650602,sell
1497736603,38177808,0.000166,90.13554139,sell
1497736602,38177791,0.000166,5253.68133262,buy
1497736602,38177790,0.000166,11662.0421857,buy
1497736601,38177779,0.000166,176.0,sell
1497736601,38177778,0.000166,90.13554139,sell
1497736601,38177777,0.00016601,6874.668,sell
1497736601,38177776,0.00016602,0.89115769,sell
1497736601,38177775,0.00016602,1.44024816,sell
1497736579,38177761,0.0001681,7.22,sell
1497736570,38177753,0.0001683,398.671518,buy
1497736570,38177752,0.00016817,909.36515,buy
1497736569,38177744,0.0001681,2773.098083,buy
1497736569,38177743,0.0001681,2910.701917,buy
1497736566,38177723,0.000166,13982.15185512,buy
1497736566,38177721,0.000166,0.105,buy
1497736566,38177719,0.000166,0.21638554,buy
1497736566,38177717,0.000166,0.80469879,buy
1497736566,38177710,0.000166,1.65891566,buy
1497736566,38177707,0.000166,10073.92161045,buy
1497736554,38177690,0.00016488,3162.01666963,sell
1497736554,38177689,0.00016489,0.48400308,sell
1497736554,38177688,0.000165,50.0,sell
1497736554,38177687,0.000165,100.0,sell
1497736554,38177686,0.000166,3958.27892216,sell
1497736554,38177685,0.000166,100.0,sell
1497736554,38177684,0.00016602,0.53740513,sell
1497736554,38177683,0.00016602,7613.683,sell
1497736498,38177619,0.0001681,8.0755,buy
1497736358,38177452,0.00016601,2499.86642988,sell
1497736358,38177451,0.000167,1489.1,sell
1497736358,38177450,0.000167,100.0,sell
1497736344,38177444,0.0001682,81.99381688,buy
1497736241,38177355,0.0001683,45.0,buy
1497736168,38177302,0.00016848,39.86615709,buy
1497736168,38177301,0.00016848,906.72138,buy
1497736152,38177294,0.000168,0.77234421,buy
1497736147,38177286,0.00016818,143.16666667,buy
1497736137,38177265,0.000162,1859.84260232,sell
1497736137,38177264,0.000162,3083.33333333,sell
1497736137,38177263,0.000162,10.0,sell
1497736137,38177262,0.000162,60.0,sell
1497736137,38177261,0.000162,10.0,sell
1497736137,38177260,0.000162,45.6,sell
1497736137,38177259,0.000162,400.0,sell
1497736137,38177258,0.000162,3933.0537037,sell
1497736137,38177257,0.0001621,15000.0,sell
1497736137,38177256,0.0001621,100.0,sell
1497736137,38177255,0.00016219,90.63850617,sell
1497736137,38177254,0.0001622,21297.6,sell
1497736137,38177253,0.0001622,5722.0,sell
1497736137,38177252,0.0001622,1400.0,sell
1497736137,38177251,0.0001622,10.0,sell
1497736137,38177250,0.0001622,68.0,sell
1497736137,38177249,0.0001627,5000.0,sell
1497736137,38177248,0.00016298,276.0566836,sell
1497736137,38177247,0.000163,50.0,sell
1497736137,38177246,0.000163,50.0,sell
1497736137,38177245,0.000163,880.0,sell
1497736137,38177244,0.000163,100.0,sell
1497736137,38177243,0.000163,10.0,sell
1497736137,38177242,0.000163,10.0,sell
1497736137,38177241,0.000163,1.0,sell
1497736137,38177240,0.000163,1000.0,sell
1497736137,38177239,0.0001631,2900.0,sell
1497736137,38177238,0.0001632,3550.03578431,sell
1497736137,38177237,0.0001633,11.5,sell
1497736137,38177236,0.0001633,410.59063074,sell
1497736137,38177235,0.0001634,5000.0,sell
1497736137,38177234,0.00016391,1200.0,sell
1497736137,38177233,0.00016393,100.0,sell
1497736137,38177232,0.0001644,3300.0,sell
1497736137,38177231,0.00016442,929.27683,sell
1497736137,38177230,0.00016442,929.27683,sell
1497736137,38177229,0.000165,2400.0,sell
1497736137,38177228,0.000166,0.41588869,sell
1497736137,38177227,0.000166,50.0,sell
1497736137,38177226,0.00016604,750.0,sell
1497736137,38177225,0.0001661,980.0,sell
1497736137,38177224,0.00016617,6981.93,sell
1497736137,38177223,0.000167,100.0,sell
1497736137,38177222,0.0001672,897.0,sell
1497736137,38177221,0.0001677,53.88410714,sell
1497736137,38177220,0.000168,1488.0952,sell
1497736137,38177219,0.000168,0.8699,sell
1497736137,38177218,0.000168,1500.0,sell
1497736065,38177137,0.0001685,30.10053412,buy
1497736007,38177055,0.0001685,132.65080119,sell
1497736007,38177054,0.0001685,17669.40183976,sell
1497735713,38176762,0.0001685,437.19245212,sell
1497735703,38176759,0.0001686,5.0,buy
1497735701,38176758,0.0001686,10.0,buy
1497735693,38176719,0.0001686,10.0,buy
1497735692,38176718,0.0001686,1900.0,buy
1497735690,38176711,0.0001686,10.0,buy
1497735684,38176700,0.0001686,500.0,buy
1497735674,38176679,0.0001686,25000.0,buy
1497735601,38176570,0.0001686,101.0,buy
1497735551,38176498,0.0001686,101.0,buy
1497735507,38176430,0.0001686,130.11340451,buy
1497735492,38176417,0.0001686,101.0,buy
1497735381,38176285,0.0001686,0.79,buy
1497735343,38176255,0.0001686,63.59881376,buy
1497735306,38176220,0.0001686,356.0,buy
1497735068,38176004,0.0001685,831.516343,sell
1497735068,38176003,0.0001685,220.0,buy
1497735068,38176002,0.0001685,3063.54359372,buy
1497735067,38176001,0.0001677,556.11589286,sell
1497735067,38176000,0.0001677,1000.0,sell
1497735067,38175999,0.000168,116.61910714,sell
1497735067,38175998,0.0001681,489.78971157,sell
1497735067,38175997,0.0001684,131.1937259,sell
1497735067,38175994,0.0001684,1068.8062741,sell
1497735064,38175988,0.0001685,26150.0,buy
1497735059,38175980,0.0001685,50.0,buy
1497735016,38175951,0.0001681,99.0,sell
1497734990,38175927,0.0001684,124.3325816,buy
1497734978,38175922,0.0001685,5058.44646884,buy
1497734978,38175921,0.0001684,1439.80958156,buy
1497734978,38175920,0.0001682,283.8395973,buy
1497734978,38175919,0.00016815,1115.0,buy
1497734978,38175918,0.00016815,191.70763338,buy
1497734978,38175917,0.00016815,90.04625467,buy
1497734978,38175916,0.00016815,15.55899781,buy
1497734934,38175896,0.00016815,99.0,buy
1497734919,38175884,0.00016815,5800.0,buy
1497734747,38175720,0.00016815,1100.93499583,buy
1497734683,38175576,0.00016815,60.08043995,buy
1497734658,38175529,0.00016815,500.0,buy
1497734581,38175383,0.0001681,22.69170384,buy
1497734492,38175257,0.00016796,95.0,buy
1497734492,38175256,0.0001679,9.68411131,buy
1497734460,38175231,0.0001679,0.41588869,buy
1497734449,38175225,0.0001677,5.0,buy
1497734372,38175159,0.0001661,192.88447415,sell
1497734372,38175158,0.00016611,1.11552585,sell
1497734339,38175108,0.0001677,1.18388613,buy
1497734338,38175104,0.0001677,0.29844961,buy
1497734338,38175103,0.0001677,1.98902802,buy
1497734338,38175098,0.0001677,0.25939177,buy
1497734323,38175082,0.0001677,824.57447823,buy
1497734288,38175057,0.0001677,100.73822302,buy
1497734230,38174875,0.00016332,575.12362865,sell
1497734230,38174874,0.000164,50.0,sell
1497734230,38174873,0.00016601,199.007982,sell
1497734230,38174872,0.00016602,0.86838935,sell
1497734202,38174760,0.00016606,64.39070216,sell
1497734202,38174759,0.00016606,0.60929784,sell
1497734201,38174734,0.00016605,410.56378048,sell
1497734170,38174709,0.0001678,56.0,sell
1497734123,38174651,0.00016602,50.0,sell
1497734078,38174557,0.0001677,481.0,buy
1497734054,38174533,0.0001676,0.21229116,buy
1497734047,38174505,0.0001633,439.62385358,sell
1497734047,38174504,0.000164,50.0,sell
1497734047,38174503,0.000164,53.6,sell
1497734047,38174502,0.00016402,103.6,sell
1497734047,38174501,0.000166,90.13554139,sell
1497734047,38174500,0.00016612,2.38981927,sell
1497734047,38174499,0.00016613,1.1568651,sell
1497734047,38174498,0.00016613,1.67879518,sell
1497734047,38174497,0.00016613,0.13783132,sell
1497734047,38174496,0.00016613,3.65933734,sell
1497734047,38174495,0.00016613,0.31174698,sell
1497734047,38174494,0.00016613,0.47728915,sell
1497734047,38174493,0.0001677,253.22892069,sell
1497734038,38174440,0.000166,271.54972751,buy
1497734038,38174435,0.000166,2.61313253,buy
1497734038,38174434,0.000166,0.47647732,buy
1497734038,38174433,0.000166,0.34084337,buy
1497734038,38174432,0.000166,53.85,sell
1497734037,38174431,0.000166,0.21584337,sell
1497734037,38174430,0.00016608,2.61313253,sell
1497734037,38174429,0.00016608,0.34084337,sell
1497733844,38174180,0.000168,1.0,sell
1497733776,38174083,0.000166,49.65915663,buy
1497733776,38174082,0.000166,0.34084337,buy
1497733774,38174073,0.00016813,197.63391764,buy
1497733774,38174072,0.000168,56.2,buy
1497733752,38174035,0.00016829,424.42556641,sell
1497733698,38173886,0.00016829,911.99472,buy
1497733684,38173842,0.00016829,9.9,buy
1497733551,38173607,0.0001631,29448.8248067,sell
1497733551,38173606,0.000164,50.0,sell
1497733551,38173605,0.000164,200.0,sell
1497733551,38173604,0.000164,10.0,sell
1497733551,38173603,0.000164,10.0,sell
1497733551,38173602,0.000164,3388.0,sell
1497733551,38173601,0.000164,42.1,sell
1497733551,38173600,0.000164,23.0,sell
1497733551,38173599,0.00016403,1237.0,sell
1497733551,38173598,0.0001641,22633.1,sell
1497733551,38173597,0.00016412,935.26261,sell
1497733551,38173596,0.000165,50.0,sell
1497733551,38173595,0.000165,100.0,sell
1497733551,38173594,0.000165,50.0,sell
1497733551,38173593,0.000165,100.0,sell
1497733551,38173592,0.000165,50.0,sell
1497733551,38173591,0.000165,1000.0,sell
1497733551,38173590,0.000165,1000.0,sell
1497733551,38173589,0.000165,4426.96969697,sell
1497733551,38173588,0.000165,10.0,sell
1497733551,38173587,0.000165,100.0,sell
1497733551,38173586,0.000165,221.0,sell
1497733551,38173585,0.000165,10.0,sell
1497733551,38173584,0.000165,800.0,sell
1497733551,38173583,0.000165,3000.0,sell
1497733551,38173582,0.000165,1000.0,sell
1497733551,38173581,0.000165,1134.33139393,sell
1497733551,38173580,0.00016501,929.484,sell
1497733551,38173579,0.0001651,5000.0,sell
1497733551,38173578,0.00016527,8000.0,sell
1497733551,38173577,0.00016529,928.64158,sell
1497733551,38173576,0.000166,11.0,sell
1497733551,38173575,0.000166,58.1,sell
1497733551,38173574,0.000166,50.0,sell
1497733551,38173573,0.00016602,6793.419,sell
1497733551,38173572,0.0001665,50.0,sell
1497733551,38173571,0.000168,50.0,sell
1497733551,38173570,0.000168,4754.07305118,sell
1497733551,38173569,0.00016804,701.48286122,sell
1497733551,38173568,0.00016805,644.211,sell
1497733504,38173471,0.0001684,1991.777605,buy
1497733400,38173305,0.0001685,1054.141033,buy
1497733397,38173302,0.0001684,1054.141033,buy
1497733331,38173252,0.0001684,1.85896673,buy
1497733315,38173237,0.0001683,9.9,buy
1497733210,38173094,0.000168,57.45,buy
1497733210,38173093,0.0001679,5288.47694882,buy
1497733198,38173084,0.0001679,4.62305118,buy
1497733181,38173077,0.0001679,500.0,buy
1497733108,38173024,0.0001679,381.11048243,buy
1497733064,38172986,0.000168,823.53213138,buy
1497733054,38172973,0.00016821,0.04483005,sell
1497733053,38172972,0.0001683,0.74483005,buy
1497733053,38172971,0.00016821,0.7,sell
1497733050,38172962,0.0001683,1339.42365,buy
1497733050,38172961,0.00016828,910.57635,buy
1497733044,38172943,0.00016838,140.0,buy
1497733043,38172940,0.0001682,0.61808447,buy
1497733035,38172922,0.00016828,4.84656524,buy
1497733029,38172905,0.00016828,4.71313131,buy
1497733022,38172860,0.00016808,4.77296525,buy
1497733020,38172850,0.0001681,136.0,buy
1497733005,38172799,0.0001683,5.37054218,buy
1497733002,38172783,0.000165,43.45241431,sell
1497733002,38172782,0.00016501,0.13019679,sell
1497733002,38172781,0.00016513,0.94810149,sell
1497733002,38172780,0.0001683,4.87908496,buy
1497732996,38172775,0.000165,433.96625342,sell
1497732996,38172774,0.00016525,3435.02220877,sell
1497732996,38172773,0.0001655,10.0,sell
1497732996,38172772,0.0001656,5000.0,sell
1497732996,38172771,0.000166,50.0,sell
1497732996,38172770,0.000166,54.25,sell
1497732996,38172769,0.000166,50.0,sell
1497732996,38172768,0.00016798,612.04845815,sell
1497732996,38172767,0.000168,120.0,sell
1497732996,38172766,0.000168,55.0,sell
1497732996,38172765,0.000168,119.0,sell
1497732996,38172764,0.0001682,255.16319857,sell
1497732996,38172763,0.0001682,55.54988109,sell
1497732981,38172727,0.0001684,590.0,buy
1497732958,38172684,0.0001684,5.0,buy
1497732956,38172683,0.0001682,50.0,sell
1497732947,38172676,0.0001685,5336.18195845,buy
1497732947,38172675,0.0001684,545.13071516,buy
1497732942,38172667,0.0001684,44.61995249,buy
1497732925,38172646,0.0001684,733.0,buy
1497732878,38172515,0.0001684,50.0,buy
1497732872,38172485,0.0001684,20.00000038,buy
1497732866,38172464,0.0001684,676.51,buy
1497732857,38172425,0.0001684,2000.0,buy
1497732846,38172396,0.0001682,4.17922332,sell
1497732846,38172389,0.0001682,1.53166844,sell
1497732827,38172317,0.0001684,1.70209909,buy
1497732821,38172278,0.0001684,79.52583135,buy
1497732817,38172268,0.0001684,23.33,buy
1497732785,38172202,0.0001684,20.0,sell
1497732785,38172201,0.0001684,71.0,sell
1497732785,38172200,0.0001684,100.22826603,sell
1497732785,38172199,0.0001684,634.9531355,sell
1497732720,38172052,0.0001684,50.0,sell
1497732711,38172041,0.0001685,12.3152522,buy
1497732700,38172018,0.0001685,76.486462,buy
1497732699,38172011,0.0001685,1.6251632,buy
1497732660,38171928,0.0001685,3747.40587537,buy
1497732643,38171921,0.0001685,211.00830861,buy
1497732627,38171879,0.0001685,0.35317507,buy
1497732627,38171874,0.0001685,1.13596439,buy
1497732626,38171872,0.0001685,1.39204747,buy
1497732626,38171870,0.0001685,0.23519287,buy
1497732626,38171867,0.0001685,3.80991097,buy
1497732626,38171862,0.0001685,0.19703264,buy
1497732574,38171779,0.0001685,5231.7225612,buy
1497732574,38171778,0.0001685,4768.2774388,buy
1497732511,38171727,0.0001685,40.0,buy
1497732490,38171692,0.0001685,169.14161128,buy
1497732456,38171612,0.0001685,89.0,buy
1497732444,38171600,0.0001685,767.9988724,buy
1497732440,38171594,0.0001685,50.0,buy
1497732420,38171572,0.0001685,58.0,buy
1497732417,38171569,0.0001685,29.6735905,buy
1497732395,38171544,0.0001685,2133.0,buy
1497732392,38171543,0.0001684,50.0,sell
1497732365,38171521,0.0001684,11.6483,sell
1497732353,38171508,0.0001685,2.136,buy
1497732351,38171505,0.0001684,53.6,sell
1497732342,38171496,0.0001685,2385.42967359,buy
1497732324,38171483,0.0001685,81.8,buy
1497732227,38171335,0.0001685,2400.0,buy
1497732119,38171152,0.0001685,23.0,buy
1497732113,38171144,0.0001685,1619.546705,buy
1497732110,38171130,0.0001685,1620.49463131,buy
1497732105,38171112,0.0001685,1.0,buy
1497732104,38171110,0.0001685,1.0,buy
1497732098,38171099,0.0001685,30.0,buy
1497732096,38171096,0.0001685,4.0,buy
1497732095,38171090,0.0001685,4.0,buy
1497732093,38171087,0.0001685,4.0,buy
1497732091,38171084,0.0001685,4.0,buy
1497732088,38171077,0.0001685,474.77744807,buy
1497732071,38171048,0.0001685,50.0,buy
1497732070,38171046,0.0001685,1600.0,buy
1497732068,38171043,0.0001685,30.0,buy
1497732051,38171014,0.0001685,300.0,buy
1497732051,38171013,0.0001684,199.7985645,sell
1497732050,38171010,0.0001685,200.35608308,buy
1497732050,38171008,0.0001685,200.0339777,buy
1497732027,38170994,0.0001685,5900.0,buy
1497732023,38170987,0.0001685,50.0,buy
1497732021,38170983,0.0001685,50.0,buy
1497732015,38170959,0.0001685,10300.0,buy
1497732013,38170958,0.0001685,50.0,buy
1497732002,38170950,0.0001685,6517.99507418,buy
1497731991,38170898,0.0001685,0.64863579,buy
1497731991,38170896,0.0001685,0.19648865,buy
1497731978,38170873,0.0001685,1321.308,buy
1497731977,38170871,0.0001685,2668.245,buy
1497731977,38170870,0.0001685,391.85680463,buy
1497731977,38170869,0.0001684,90.00745168,buy
1497731977,38170868,0.0001684,931.99274369,buy
1497731969,38170852,0.0001684,21.0,buy
1497731935,38170824,0.0001684,470.83058195,buy
1497731888,38170784,0.0001684,270.718695,buy
1497731806,38170551,0.0001684,1679.60065945,buy
1497731806,38170550,0.0001682,100.39934055,buy
1497731742,38170359,0.0001682,212.1,buy
1497731742,38170358,0.0001682,7.9,buy
1497731670,38170218,0.0001681,100.0,buy
1497731662,38170209,0.00016818,100.0,buy
1497731661,38170208,0.0001681,821.13848899,buy
1497731621,38170175,0.00016521,5850.0,sell
1497731621,38170174,0.00016808,50.0,sell
1497731458,38169945,0.000168,647.52809989,buy
1497731412,38169877,0.0001681,82.64,buy
1497731390,38169808,0.00016838,200.0,buy
1497731384,38169803,0.0001651,1468.00096132,sell
1497731384,38169802,0.0001651,1000.0,sell
1497731384,38169801,0.00016512,930.84796,sell
1497731384,38169800,0.000166,8.0,sell
1497731384,38169799,0.000166,50.6,sell
1497731384,38169798,0.000168,100.0,sell
1497731384,38169797,0.00016828,879.0,sell
1497731379,38169791,0.0001685,2250.0,buy
1497731353,38169774,0.0001685,180.0,buy
1497731348,38169767,0.0001685,100.0,buy
1497731304,38169703,0.0001685,72.24,buy
1497731302,38169700,0.0001685,10.0,buy
1497731300,38169697,0.0001685,478.418149,buy
1497731282,38169661,0.0001685,129.68,buy
1497731272,38169633,0.0001685,388.74581602,buy
1497731217,38169500,0.000168,50.0,buy
1497731217,38169499,0.00016798,50.0,buy
1497731179,38169297,0.0001685,1409.14019927,buy
1497731179,38169296,0.000168,0.89469973,buy
1497731179,38169295,0.0001679,5554.3,buy
1497731179,38169294,0.00016778,910.50389,buy
1497731161,38169015,0.0001679,87.1644109,buy
1497731158,38168999,0.000168,1.85958599,buy
1497731156,38168995,0.000168,5.24571428,buy
1497731153,38168975,0.00016848,1.0,buy
1497731110,38168887,0.000165,964.009932,sell
1497731110,38168886,0.000165,300.0,sell
1497731110,38168885,0.000165,20000.0,sell
1497731110,38168884,0.00016503,1701.59803177,sell
1497731110,38168883,0.0001651,3020.0,sell
1497731110,38168882,0.0001651,1.0,sell
1497731110,38168881,0.00016511,3200.0,sell
1497731110,38168880,0.00016511,10000.0,sell
1497731110,38168879,0.0001654,100.0,sell
1497731110,38168878,0.0001657,1850.0,sell
1497731110,38168877,0.0001657,2610.17036814,sell
1497731110,38168876,0.0001657,5719.91781299,sell
1497731110,38168875,0.0001658,3150.0,sell
1497731110,38168874,0.00016585,1150.0,sell
1497731110,38168873,0.00016585,600.0,sell
1497731110,38168872,0.00016587,1000.0,sell
1497731110,38168871,0.0001659,100.0,sell
1497731110,38168870,0.000166,47.2,sell
1497731110,38168869,0.000166,80.0,sell
1497731110,38168868,0.00016601,900.0,sell
1497731110,38168867,0.00016601,28.0,sell
1497731110,38168866,0.00016602,400.0,sell
1497731110,38168865,0.00016607,90.09754923,sell
1497731110,38168864,0.00016615,750.0,sell
1497731110,38168863,0.0001662,500.29037304,sell
1497731110,38168862,0.0001666,750.0,sell
1497731110,38168861,0.0001667,573.85722855,sell
1497731110,38168860,0.0001667,440.0,sell
1497731110,38168859,0.000167,40.0,sell
1497731110,38168858,0.0001671,12220.0,sell
1497731110,38168857,0.0001676,3184.207759,sell
1497731110,38168856,0.0001679,8.0,sell
1497731110,38168855,0.0001679,1500.0,sell
1497731110,38168854,0.0001679,598.834842,sell
1497731110,38168853,0.0001679,44.55866587,sell
1497731110,38168852,0.0001679,5966.02919942,sell
1497731110,38168851,0.00016795,261.87305745,sell
1497731110,38168850,0.00016797,100.0,sell
1497731110,38168849,0.00016797,100.0,sell
1497731110,38168848,0.00016797,100.0,sell
1497731110,38168847,0.000168,117.0,sell
1497731110,38168846,0.0001684,7735.04150831,sell
1497731110,38168845,0.0001684,2000.0,sell
1497731110,38168844,0.0001685,3998.31367223,sell
1497731101,38168840,0.0001686,1455.0,buy
1497731079,38168822,0.0001685,1.68632777,sell
1497731058,38168747,0.0001686,7936.01554895,buy
1497731058,38168746,0.0001685,3063.98445105,buy
1497731007,38168719,0.0001685,2077.15133531,buy
1497730972,38168706,0.0001685,1100.0,buy
1497730952,38168693,0.0001685,0.1,buy
1497730951,38168692,0.0001685,0.1,buy
1497730951,38168691,0.0001685,0.1,buy
1497730950,38168690,0.0001685,0.1,buy
1497730949,38168689,0.0001685,22.32,buy
1497730949,38168688,0.0001685,0.1,buy
1497730948,38168687,0.0001685,0.1,buy
1497730947,38168686,0.0001685,0.1,buy
1497730938,38168671,0.0001685,1.0,buy
1497730935,38168670,0.0001685,1.0,buy
1497730933,38168668,0.0001685,1.0,buy
1497730933,38168667,0.0001685,443.0,buy
1497730931,38168664,0.0001685,1.0,buy
1497730927,38168661,0.0001685,1.0,buy
1497730924,38168660,0.0001685,1.0,buy
1497730923,38168655,0.0001685,982.69851632,buy
1497730923,38168651,0.0001685,1.0,buy
1497730921,38168649,0.0001685,1.0,buy
1497730921,38168648,0.0001685,1200.0,buy
1497730920,38168647,0.0001685,1.0,buy
1497730914,38168639,0.0001685,10.0,buy
1497730912,38168638,0.0001685,10.0,buy
1497730907,38168627,0.0001685,10.0,buy
1497730902,38168623,0.0001685,1175.6,buy
1497730891,38168613,0.0001684,1.89831799,sell
1497730875,38168606,0.0001685,730.0,buy
1497730829,38168578,0.0001684,1174.07911449,buy
1497730815,38168553,0.0001684,1500.0,buy
1497730791,38168487,0.0001684,2280.0,buy
1497730767,38168436,0.0001684,767.92088551,buy
1497730729,38168350,0.0001685,39165.54569732,buy
1497730729,38168349,0.0001683,100.0,buy
1497730729,38168348,0.0001682,4777.0,buy
1497730729,38168347,0.000168,5000.0,buy
1497730729,38168346,0.000168,200.0,buy
1497730729,38168345,0.000168,5.0,buy
1497730729,38168344,0.000168,46.65,buy
1497730729,38168343,0.000168,4957.51795804,buy
1497730729,38168342,0.00016797,5150.586,buy
1497730707,38168313,0.00016795,1098.73092885,buy
1497730698,38168306,0.00016795,41.67907115,buy
1497730650,38168277,0.0001679,5.94813634,sell
1497730650,38168270,0.0001679,5.18601652,sell
1497730649,38168264,0.0001679,5.79883769,sell
1497730647,38168259,0.0001679,6.72117148,sell
1497730646,38168254,0.0001679,10.23245747,sell
1497730620,38168191,0.00016796,250.0,buy
1497730551,38168102,0.0001679,0.08418108,buy
1497730499,38168029,0.0001679,499.91581892,buy
1497730499,38168028,0.0001679,16.08418108,buy
1497730284,38167633,0.0001679,175.69030909,buy
1497730284,38167632,0.00016787,2.77986632,buy
1497730284,38167631,0.00016785,1005.12665367,buy
1497730284,38167630,0.0001678,399.97955664,buy
1497730284,38167629,0.0001678,50.0,buy
1497730284,38167628,0.0001678,130.0,buy
1497730284,38167627,0.0001678,2036.42361428,buy
1497730279,38167615,0.0001678,2.0,buy
1497730260,38167568,0.0001676,1115.792241,sell
1497730206,38167460,0.0001678,5.0,buy
1497730205,38167458,0.0001678,5.0,buy
1497730121,38167182,0.0001678,600.0,buy
1497730109,38167159,0.0001678,1.0,buy
1497730095,38167126,0.0001678,344.0,buy
1497730049,38166964,0.0001678,2046.57854588,buy
1497730049,38166963,0.0001677,500.0,buy
1497730049,38166962,0.0001676,5660.2,buy
1497729953,38166737,0.0001676,1500.0,buy
1497729898,38166645,0.0001676,3.0,buy
1497729725,38166389,0.00016616,1839.7027092,sell
1497729725,38166388,0.0001664,5979.0,sell
1497729725,38166387,0.0001665,1500.0,sell
1497729725,38166386,0.0001675,5.4,sell
1497729725,38166385,0.0001677,606.62957662,sell
1497729725,38166384,0.0001677,26.34332539,sell
1497729725,38166383,0.0001677,42.92438879,sell
1497729702,38166338,0.0001678,574.37995882,buy
1497729693,38166328,0.0001678,1.72,buy
1497729683,38166315,0.0001677,0.18996041,sell
1497729628,38166197,0.0001678,1000.0,buy
1497729586,38166122,0.0001678,78.0,buy
1497729493,38165982,0.0001678,470.0,buy
1497729488,38165980,0.0001678,238.0,buy
1497729435,38165903,0.0001678,888.0,buy
1497729425,38165888,0.0001678,8939.0,buy
1497729390,38165792,0.0001678,40.0,buy
1497729292,38165673,0.0001677,55.87192878,sell
1497729235,38165554,0.0001678,673.66108462,buy
1497729163,38165440,0.0001678,10.0,buy
1497729147,38165413,0.0001678,1900.0,buy
1497729143,38165405,0.0001678,1.95208581,buy
1497729143,38165404,0.0001678,5.0,buy
1497729139,38165387,0.0001678,510.0,buy
1497729126,38165360,0.0001678,10.0,buy
1497729099,38165346,0.0001678,5.0,buy
1497729080,38165302,0.0001678,240.0,buy
1497728984,38165113,0.0001678,1500.0,buy
1497728980,38165096,0.0001678,11.0,buy
1497728965,38165060,0.0001678,11.0,buy
1497728942,38165016,0.0001678,0.68183443,buy
1497728940,38165014,0.0001678,4000.0,buy
1497728881,38164937,0.0001677,35.74374011,sell
1497728881,38164936,0.0001677,109.95625989,sell
1497728860,38164903,0.0001678,100.0,buy
1497728844,38164891,0.0001678,300.0,buy
1497728813,38164857,0.0001678,899.88599523,buy
1497728806,38164845,0.0001678,50.0,buy
1497728801,38164842,0.0001677,440.04374011,sell
1497728801,38164841,0.0001677,110.08635291,sell
1497728797,38164835,0.0001678,1144.76474092,buy
1497728797,38164833,0.0001678,10.0,buy
1497728788,38164815,0.0001678,10.0,buy
1497728779,38164786,0.0001678,10.0,buy
1497728771,38164772,0.0001678,10.0,buy
1497728770,38164771,0.0001678,150.0,buy
1497728764,38164748,0.0001678,10.0,buy
1497728755,38164740,0.0001678,1000.0,buy
1497728753,38164738,0.0001678,10.0,buy
1497728718,38164710,0.0001678,800.0,buy
1497728534,38164326,0.0001678,4081.12181168,buy
1497728516,38164291,0.0001677,1144.60663867,sell
1497728516,38164290,0.0001677,310.39336133,sell
1497728480,38164172,0.0001677,46.60663867,sell
1497728457,38164118,0.0001678,12.0,buy
1497728356,38163856,0.0001678,832.45029797,buy
1497728348,38163828,0.0001678,243.78678435,buy
1497728348,38163821,0.0001678,151.17569643,buy
1497728348,38163818,0.0001678,92.61108793,buy
1497728347,38163812,0.0001678,52.63123472,buy
1497728347,38163808,0.0001678,310.74547896,buy
1497728346,38163802,0.0001678,39.97984496,buy
1497728345,38163792,0.0001678,159.56977429,buy
1497728342,38163768,0.0001678,177.52050059,buy
1497728322,38163724,0.0001675,117.992,sell
1497728322,38163723,0.0001675,50.0,sell
1497728304,38163696,0.0001677,9.43154442,buy
1497728287,38163648,0.0001678,204.35962813,buy
1497728287,38163647,0.0001675,0.10978887,buy
1497728286,38163642,0.0001675,204.35962766,buy
1497728249,38163603,0.0001675,250.0,buy
1497728249,38163602,0.0001675,400.0,buy
1497728226,38163569,0.0001675,390.0,buy
1497728195,38163521,0.00016607,3.05831991,buy
1497728195,38163519,0.00016607,1372.68499158,buy
1497728079,38163333,0.00016785,940.33357164,buy
1497728079,38163332,0.0001678,999.8,buy
1497728079,38163331,0.0001677,5548.1,buy
1497728066,38163304,0.0001677,10.79194991,buy
1497728054,38163263,0.0001677,10.78163387,buy
1497728052,38163260,0.0001677,10.77197376,buy
1497728052,38163257,0.0001677,669.30537,buy
1497728047,38163244,0.0001677,1782.65881861,buy
1497728047,38163241,0.0001677,670.36615605,buy
1497728045,38163231,0.0001677,10.95044722,buy
1497728003,38163122,0.0001677,551.23255814,buy
1497727927,38162932,0.0001677,500.0,buy
1497727920,38162898,0.0001678,1000.0,buy
1497727919,38162894,0.00016602,401.2,sell
1497727847,38162757,0.0001677,3575.68533969,buy
1497727810,38162706,0.00016601,2100.0,sell
1497727757,38162627,0.0001678,0.1,buy
1497727748,38162609,0.0001678,1797.63,buy
1497727712,38162555,0.0001678,10.88545887,buy
1497727699,38162540,0.0001678,19.71156138,buy
1497727698,38162535,0.0001678,11.71722288,buy
1497727698,38162534,0.0001678,13.41394517,buy
1497727698,38162531,0.0001678,13.75441001,buy
1497727698,38162524,0.0001678,13.36287246,buy
1497727698,38162520,0.0001678,20.52938021,buy
1497727697,38162515,0.0001678,0.2,buy
1497727691,38162507,0.0001678,22.78078959,buy
1497727663,38162472,0.00016576,90.04439887,sell
1497727663,38162471,0.00016577,4.95560113,sell
1497727602,38162354,0.0001677,1.0,buy
1497727597,38162353,0.0001657,200.0,sell
1497727596,38162352,0.0001677,0.68,buy
1497727576,38162313,0.0001677,1.0,buy
1497727575,38162312,0.0001677,50.0,buy
1497727571,38162309,0.0001677,1.0,buy
1497727564,38162301,0.0001677,1.0,buy
1497727529,38162252,0.00016783,163.0,buy
1497727528,38162248,0.00016783,113.34175079,buy
1497727528,38162247,0.000166,1611.65824921,buy
1497727510,38162233,0.000166,573.32515045,buy
1497727486,38162197,0.000166,5.16668046,buy
1497727474,38162181,0.0001657,7490.54,sell
1497727474,38162180,0.00016571,1.0,sell
1497727467,38162168,0.00016785,54.98377478,buy
1497727467,38162167,0.00016783,3.7763682,buy
1497727411,38162050,0.00016785,180.0,sell
1497727388,38162014,0.00016787,1.0,buy
1497727387,38162008,0.00016787,2068.89903368,sell
1497727384,38162006,0.0001679,1000.0,buy
1497727384,38162004,0.00016787,3.77986632,sell
1497727383,38161999,0.0001679,3.0,buy
1497727374,38161987,0.0001679,5.0,buy
1497727366,38161976,0.0001679,20.0,buy
1497727362,38161975,0.0001679,2.0,buy
1497727355,38161937,0.00016788,3.0,buy
1497727354,38161932,0.00016788,5.0,buy
1497727353,38161931,0.0001679,3.0,buy
1497727351,38161928,0.00016788,5.0,buy
1497727346,38161913,0.00016788,5.0,buy
1497727346,38161910,0.00016778,1.0,sell
1497727343,38161899,0.0001678,5.0,buy
1497727340,38161896,0.00016787,434.75950059,sell
1497727337,38161879,0.0001679,5.0,buy
1497727327,38161864,0.00016787,7.21876378,sell
1497727326,38161855,0.00016787,2.87194685,sell
1497727321,38161838,0.00016787,1.0,sell
1497727319,38161826,0.00016787,4.14978878,sell
1497727319,38161825,0.00016787,0.00656349,sell
1497727296,38161794,0.0001679,80.0,buy
1497727286,38161777,0.00016787,0.9211731,sell
1497727272,38161758,0.00016787,1.17609918,sell
1497727265,38161752,0.00016787,1.89616423,sell
1497727263,38161747,0.00016787,1.0,sell
1497727194,38161584,0.00016778,1.0,sell
1497727158,38161459,0.0001657,3957.563074,sell
1497727157,38161457,0.0001657,100.0,sell
1497727157,38161455,0.0001657,88.65621531,sell
1497727157,38161453,0.0001657,19.2991814,sell
1497727156,38161444,0.0001657,7567.021,sell
1497727156,38161442,0.0001657,3.82303581,sell
1497727156,38161439,0.0001657,27.04687881,sell
1497727156,38161434,0.0001657,2.60259747,sell
1497727156,38161433,0.0001657,0.33947449,sell
1497727156,38161431,0.0001657,2.55697927,sell
1497727156,38161430,0.0001657,19.60342701,sell
1497727156,38161429,0.0001657,19.95312629,sell
1497727156,38161421,0.0001657,0.25537727,sell
1497727156,38161414,0.0001657,1.95771469,sell
1497727156,38161412,0.0001657,15.01006428,sell
1497727155,38161408,0.0001657,676.309381,sell
1497727155,38161407,0.0001657,91.0081,sell
1497727155,38161406,0.0001657,7.12710417,sell
1497727154,38161403,0.0001657,0.19122613,sell
1497727154,38161401,0.0001657,3.41014889,sell
1497727154,38161396,0.0001657,0.19315962,sell
1497727154,38161392,0.0001657,1.46610738,sell
1497727154,38161388,0.0001657,1754.820243,sell
1497727154,38161385,0.0001657,40.62209382,sell
1497727154,38161371,0.0001657,15.19028804,sell
1497727154,38161370,0.0001657,1.81546861,sell
1497727154,38161364,0.0001657,96.61832618,sell
1497727154,38161363,0.0001657,0.1983646,sell
1497727154,38161361,0.0001657,1.52073476,sell
1497727154,38161354,0.0001657,18.51850121,sell
1497727153,38161340,0.0001657,11.42771126,sell
1497727153,38161335,0.0001657,10.27924366,sell
1497727153,38161334,0.0001657,11.12259884,sell
1497727150,38161311,0.00016788,1.0,buy
1497727142,38161292,0.00016788,1.0,buy
1497727127,38161183,0.00016788,406.24718769,buy
1497727096,38161112,0.0001657,1911.45216183,sell
1497727046,38160899,0.0001661,355.2077062,buy
1497727032,38160804,0.0001661,299.34013197,buy
1497727001,38160554,0.0001657,53.08480392,sell
1497727001,38160553,0.0001661,860.98615292,sell
1497727001,38160552,0.0001661,42.59704316,sell
1497726997,38160526,0.0001661,13.90237875,sell
1497726996,38160518,0.0001661,10.26896442,sell
1497726996,38160515,0.0001661,6.86137013,sell
1497726996,38160511,0.0001661,13.87457399,sell
1497726996,38160508,0.0001661,7.43288399,sell
1497726996,38160507,0.0001661,3.62313509,sell
1497726991,38160476,0.0001661,161.43965047,sell
1497726991,38160475,0.0001665,50.0,sell
1497726935,38160116,0.0001679,1024.54014294,buy
1497726892,38159986,0.0001669,144.97,sell
1497726891,38159983,0.0001669,1.0,buy
1497726891,38159982,0.0001669,2360.63665022,buy
1497726882,38159932,0.0001669,13.09050259,buy
1497726881,38159930,0.0001669,12.9675,buy
1497726872,38159895,0.0001669,17.43699572,buy
1497726848,38159817,0.0001669,2.0881366,buy
1497726823,38159800,0.000166,228.6,sell
1497726804,38159766,0.000166,3611.35666865,sell
1497726804,38159765,0.000166,30.12,sell
1497726804,38159764,0.000166,43.9,sell
1497726804,38159763,0.000166,11.66,sell
1497726804,38159762,0.000166,1075.98467601,sell
1497726731,38159614,0.000166,16924.01532399,sell
1497726731,38159613,0.000166,1787.82738571,sell
1497726731,38159612,0.0001661,0.3,sell
1497726731,38159611,0.0001661,5000.0,sell
1497726731,38159610,0.00016612,0.12,sell
1497726731,38159609,0.00016613,100.0,sell
1497726731,38159608,0.0001663,2350.0,sell
1497726731,38159607,0.0001663,1000.0,sell
1497726731,38159606,0.0001663,1000.0,sell
1497726731,38159605,0.0001666,0.89,sell
1497726731,38159604,0.0001667,15.0,sell
1497726731,38159603,0.0001667,1732.12139065,sell
1497726731,38159602,0.0001668,89.55589965,sell
1497726716,38159567,0.0001669,1190.0,buy
1497726715,38159566,0.0001669,1150.0,buy
1497726715,38159565,0.0001669,30.0,buy
1497726683,38159511,0.0001668,2436.2999262,sell
1497726671,38159493,0.0001669,300.0,buy
1497726651,38159451,0.0001669,437.74583333,buy
1497726649,38159449,0.0001669,347.8579988,buy
1497726646,38159434,0.0001669,642.60940683,buy
1497726636,38159423,0.0001669,9.59182387,buy
1497726636,38159422,0.00016689,2.05410713,buy
1497726632,38159413,0.0001669,1119.17359251,sell
1497726611,38159344,0.0001669,7.60743372,sell
1497726609,38159336,0.0001675,113.12841791,sell
1497726609,38159335,0.0001675,15.74815455,sell
1497726609,38159333,0.0001675,0.267927,sell
1497726609,38159332,0.0001675,111.77603682,sell
1497726609,38159331,0.0001675,2.0,sell
1497726609,38159330,0.0001675,960.72372406,sell
1497726590,38159290,0.000168,562.72372406,buy
1497726582,38159267,0.000168,7487.45341689,buy
1497726582,38159266,0.00016755,1400.54658311,buy
1497726551,38159227,0.00016755,4273.0,buy
1497726536,38159181,0.00016755,1.0,buy
1497726534,38159176,0.00016755,5.0,buy
1497726533,38159174,0.00016755,1.0,buy
1497726532,38159166,0.00016755,1.0,buy
1497726529,38159164,0.00016755,1.0,buy
1497726527,38159160,0.00016755,4273.0,buy
1497726524,38159152,0.00016755,44.45341689,sell
1497726522,38159151,0.000168,1.0,buy
1497726519,38159145,0.000168,1.0,buy
1497726504,38159094,0.000168,70.0,buy
1497726503,38159087,0.000168,1.0,buy
1497726501,38159083,0.000168,1.0,buy
1497726492,38159048,0.000168,43343.0,buy
1497726454,38158999,0.000168,4414.06268417,buy
1497726454,38158998,0.0001678,85.93731583,buy
1497726361,38158693,0.0001675,600.0,buy
1497726361,38158692,0.0001675,715.60840257,buy
1497726302,38158379,0.0001669,163.31998234,sell
1497726278,38158340,0.0001675,85.0,buy
1497726278,38158339,0.000167,15.0,buy
1497726274,38158325,0.000167,1.0,buy
1497726268,38158301,0.000167,6.0,buy
1497726256,38158231,0.0001669,119.89899143,sell
1497726255,38158230,0.000167,13.0,buy
1497726236,38158162,0.000167,130.0,buy
1497726176,38158066,0.000167,10.0,buy
1497726175,38158065,0.0001668,4476.82381783,sell
1497726152,38158011,0.0001668,2000.0,sell
1497726124,38157919,0.0001675,150.0,buy
1497726101,38157855,0.0001668,606.22621123,sell
1497726081,38157813,0.0001668,72.31875516,sell
1497726079,38157802,0.0001668,76.39438171,sell
1497726075,38157794,0.0001668,79.77713373,sell
1497726046,38157759,0.0001668,12.32883277,sell
1497726044,38157753,0.0001668,12.32883277,sell
1497726043,38157749,0.0001668,34.30541868,sell
1497726042,38157747,0.0001668,34.66768578,sell
1497726042,38157746,0.0001668,68.97310449,sell
1497725884,38157502,0.000167,40.0,buy
1497725870,38157482,0.000167,200.0,buy
1497725829,38157407,0.000167,500.0,buy
1497725813,38157375,0.000167,200.0,buy
1497725791,38157328,0.000167,226.34428571,buy
1497725790,38157326,0.000167,352.17868263,buy
1497725737,38157052,0.000167,598.80239521,buy
1497725725,38157037,0.000167,40.47023952,buy
1497725723,38157032,0.000167,2399.78359711,buy
1497725723,38157031,0.000167,610.21640289,buy
1497725695,38157000,0.000167,100.111,buy
1497725630,38156708,0.0001675,150.111111,sell
1497725630,38156707,0.0001675,139.56148611,sell
1497725620,38156684,0.0001678,550.0,buy
1497725590,38156646,0.0001678,62.79964264,buy
1497725515,38156518,0.000168,11.71680671,buy
1497725510,38156442,0.000168,12.56859162,buy
1497725509,38156435,0.000168,12.56859162,buy
1497725501,38156408,0.000168,290.0,buy
1497725499,38156376,0.000168,35.93206133,buy
1497725466,38156307,0.000168,23.21428571,buy
1497725419,38156227,0.000168,100.0,buy
1497725377,38156162,0.0001675,634.94120505,sell
1497725377,38156161,0.0001678,9.75351609,sell
1497725377,38156160,0.0001678,233.55908279,sell
1497725377,38156159,0.0001678,596.496,sell
1497725377,38156158,0.0001678,361.75134558,sell
1497725377,38156157,0.0001678,0.1,sell
1497725377,38156156,0.0001678,202.67134559,sell
1497725377,38156155,0.0001679,47.1557295,sell
1497725355,38156099,0.0001679,1000.0,sell
1497725317,38155993,0.000168,294.0,buy
1497725283,38155925,0.0001679,472.8442705,buy
1497725278,38155904,0.0001679,131.22191998,buy
1497725248,38155801,0.0001679,295.93380952,buy
1497725232,38155739,0.0001679,100.0,sell
1497725220,38155692,0.000168,69.44187985,buy
1497725206,38155616,0.000168,20.0,sell
1497725206,38155615,0.000168,50.8,sell
1497725164,38155486,0.0001682,543.5227623,buy
1497725161,38155466,0.0001682,211.95107015,sell
1497725160,38155463,0.0001687,557.52981624,buy
1497725142,38155415,0.0001687,219.91799882,buy
1497725119,38155321,0.00016879,72.0,buy
1497725067,38155071,0.0001689,9.95139,sell
1497725067,38155070,0.000169,7.0,sell
1497725060,38154975,0.0001685,100.0,sell
1497724983,38154688,0.000169,2.0,sell
1497724952,38154585,0.0001691,10.0,buy
1497724903,38154329,0.0001691,100.0,buy
1497724880,38154151,0.0001678,10.0,sell
1497724879,38154120,0.0001691,335.88389524,buy
1497724879,38154119,0.000169,64.11610476,buy
1497724804,38153760,0.0001678,270.31012044,sell
1497724804,38153759,0.00016781,10.0,sell
1497724781,38153652,0.000169,50.0,sell
1497724781,38153651,0.000169,10.0,sell
1497724770,38153620,0.0001691,118.99086358,buy
1497724564,38152974,0.0001691,74.97271954,buy
1497724544,38152852,0.0001678,64.01853397,sell
1497724518,38152739,0.0001678,53.0,sell
1497724474,38152456,0.0001684,15.0,sell
1497724474,38152455,0.0001684,20.0,sell
1497724474,38152454,0.0001684,187.04315949,sell
1497724474,38152453,0.00016936,10.0,sell
1497724343,38152191,0.0001684,19.02726664,sell
1497724342,38152185,0.00016936,70.500857,sell
1497724342,38152183,0.00016936,29.499143,sell
1497724302,38152084,0.0001694,1.0,buy
1497724291,38152066,0.0001694,600.0,buy
1497724255,38152020,0.0001684,19.2823902,sell
1497724254,38152012,0.0001693,0.03967525,sell
1497724254,38152010,0.0001693,28.50140869,sell
1497724254,38152007,0.0001693,38.32922343,sell
1497724253,38152001,0.0001693,85.88069275,sell
1497724239,38151992,0.0001684,0.55096135,sell
1497724238,38151982,0.0001684,59.39731336,sell
1497724190,38151910,0.0001693,10.0,buy
1497724171,38151881,0.0001693,100.0,buy
1497724171,38151880,0.0001693,50.0,buy
1497724134,38151841,0.0001693,3380.90448907,buy
1497724132,38151835,0.0001684,26.84951386,sell
1497724132,38151832,0.0001684,26.84951386,sell
1497724131,38151829,0.0001684,22.49909759,sell
1497724131,38151828,0.0001684,45.84793926,sell
1497724131,38151827,0.0001684,13.55296315,sell
1497724131,38151826,0.0001684,3.0,sell
1497724131,38151825,0.0001684,5.0,sell
1497724131,38151824,0.0001684,10.0,sell
1497724111,38151780,0.0001694,5687.64061393,buy
1497724105,38151771,0.0001694,2.0,buy
1497724088,38151754,0.0001694,20.0,buy
1497724087,38151752,0.0001694,20.0,buy
1497724078,38151740,0.0001694,20.0,buy
1497724075,38151721,0.0001694,100.0,buy
1497724068,38151711,0.0001694,20.0,buy
1497724046,38151672,0.0001694,1.0,buy
1497724043,38151670,0.0001694,100.0,buy
1497724004,38151476,0.0001695,100.0,buy
1497723952,38151309,0.0001695,399.25777465,buy
1497723952,38151308,0.0001694,245.102059,buy
1497723932,38151293,0.0001694,5.0,buy
1497723899,38151257,0.0001694,0.378,buy
1497723893,38151250,0.0001694,113.519941,buy
1497723892,38151249,0.0001694,20.0,buy
1497723885,38151238,0.0001694,10.0,buy
1497723874,38151224,0.0001694,5.0,buy
1497723872,38151220,0.0001694,100.0,buy
1497723839,38151178,0.0001695,1.3019469,buy
1497723836,38151176,0.0001695,0.34,buy
1497723824,38151131,0.0001695,20.0,buy
1497723812,38151102,0.0001695,23.64477876,sell
1497723812,38151101,0.0001695,130.0,sell
1497723809,38151096,0.0001697,20.0,buy
1497723805,38151090,0.0001697,38.0,buy
1497723754,38150909,0.0001697,1472.0,buy
1497723719,38150702,0.0001697,261.3,buy
1497723670,38150379,0.0001695,20.0,buy
1497723667,38150325,0.00016958,76.03262,buy
1497723667,38150324,0.00016958,185.26738,buy
1497723666,38150289,0.0001695,955.7522123,buy
1497723620,38149915,0.0001695,1190.0,buy
1497723609,38149895,0.0001696,8.36952475,buy
1497723578,38149811,0.0001695,20.0,buy
1497723572,38149804,0.0001696,81.01650943,buy
1497723552,38149737,0.0001696,0.1,buy
1497723534,38149691,0.00016968,8.36952475,buy
1497723533,38149689,0.00016968,8.36952475,buy
1497723533,38149688,0.00016968,6.38292824,buy
1497723533,38149687,0.00016968,8.36952475,buy
1497723533,38149682,0.0001696,8.36952475,buy
1497723533,38149681,0.0001696,6.38292824,buy
1497723533,38149680,0.0001696,8.36952475,buy
1497723533,38149679,0.0001696,8.36952475,buy
1497723533,38149678,0.0001696,8.36952475,buy
1497723532,38149675,0.00016951,1.88570148,sell
1497723532,38149659,0.0001695,8.36952475,buy
1497723532,38149657,0.0001695,8.36952475,buy
1497723532,38149656,0.0001695,8.36952475,buy
1497723532,38149655,0.0001695,8.36952475,buy
1497723532,38149654,0.0001695,8.36952475,buy
1497723532,38149652,0.0001695,8.36952475,buy
1497723532,38149651,0.0001695,8.36952475,buy
1497723532,38149649,0.0001695,8.36952475,buy
1497723531,38149648,0.0001695,8.36952475,buy
1497723531,38149647,0.0001695,8.36952475,buy
1497723531,38149645,0.0001695,8.36952475,buy
1497723516,38149601,0.0001697,2200.90621,buy
1497723516,38149600,0.00016968,425.69379,buy
1497723516,38149599,0.000168,43.4,buy
1497723486,38149526,0.00016789,106.906147,sell
1497723485,38149524,0.00016789,8.36115523,sell
1497723485,38149523,0.00016789,8.36115523,sell
1497723485,38149522,0.00016789,8.36115523,sell
1497723485,38149520,0.00016789,8.36115523,sell
1497723485,38149519,0.00016789,8.36115523,sell
1497723485,38149516,0.00016789,8.36115523,sell
1497723484,38149515,0.00016789,8.36115523,sell
1497723484,38149514,0.00016789,8.36115523,sell
1497723484,38149507,0.00016789,8.36115523,sell
1497723484,38149505,0.00016789,8.36115523,sell
1497723484,38149504,0.00016789,8.36115523,sell
1497723484,38149503,0.00016789,8.36115523,sell
1497723484,38149495,0.00016789,8.36115523,sell
1497723484,38149493,0.00016789,8.36115523,sell
1497723484,38149485,0.00016789,8.36115523,sell
1497723484,38149480,0.00016789,8.36115523,sell
1497723484,38149476,0.00016789,8.36115523,sell
1497723484,38149475,0.00016789,8.36115523,sell
1497723484,38149471,0.00016789,8.36115523,sell
1497723484,38149466,0.00016789,8.36115523,sell
1497723484,38149465,0.00016789,8.36115523,sell
1497723484,38149463,0.00016789,8.36115523,sell
1497723484,38149462,0.00016789,8.36115523,sell
1497723453,38149427,0.00016789,210.43955049,sell
1497723452,38149423,0.00016789,32.81520739,sell
1497723451,38149422,0.00016789,160.3887765,sell
1497723451,38149421,0.00016789,50.05077399,sell
1497723450,38149416,0.00016769,2.6823667,buy
1497723450,38149415,0.00016768,50.05077399,buy
1497723425,38149365,0.00016789,160.3887765,sell
1497723425,38149362,0.00016789,210.43955049,sell
1497723424,38149359,0.00016789,3.22562601,sell
1497723423,38149354,0.00016789,254.1394184,sell
1497723423,38149353,0.00016789,210.43955049,sell
1497723423,38149352,0.00016789,210.45879332,sell
1497723423,38149351,0.00016789,208.43424627,sell
1497723423,38149348,0.00016789,210.43955049,sell
1497723423,38149347,0.00016789,136.18772057,sell
1497723422,38149343,0.00016789,27.09100087,sell
1497723420,38149315,0.00016789,413.67282261,sell
1497723420,38149312,0.00016789,413.20114488,sell
1497723420,38149308,0.00016789,216.8380274,sell
1497723420,38149306,0.00016789,254.15044813,sell
1497723419,38149304,0.00016789,26.91365597,sell
1497723419,38149303,0.00016786,254.15044813,buy
1497723419,38149302,0.00016785,26.913656,buy
1497723419,38149301,0.00016737,26.91556347,buy
1497723400,38149232,0.000166,1103.73887935,sell
1497723400,38149231,0.0001668,149.79029359,sell
1497723400,38149230,0.0001668,500.0,sell
1497723400,38149229,0.0001669,227.66519745,sell
1497723400,38149228,0.0001669,18.80562961,sell
1497723383,38149189,0.0001669,27.06479013,sell
1497723382,38149186,0.0001669,27.06479013,sell
1497723382,38149183,0.0001669,27.06479013,sell
1497723345,38149095,0.00016789,0.1,buy
1497723286,38148985,0.00016784,99.79450172,sell
1497723285,38148977,0.00016784,26.88944502,sell
1497723285,38148971,0.00016784,26.88674232,sell
1497723284,38148964,0.00016784,26.91556347,sell
1497723284,38148963,0.00016784,26.88674232,sell
1497723284,38148960,0.00016784,26.91365598,sell
1497723284,38148951,0.00016784,26.88944502,sell
1497723284,38148947,0.00016784,26.91636138,sell
1497723284,38148940,0.00016784,26.88944502,sell
1497723284,38148933,0.00016784,26.88944502,sell
1497723284,38148929,0.00016784,26.88944502,sell
1497723284,38148925,0.00016784,26.91556347,sell
1497723284,38148924,0.00016784,26.91556347,sell
1497723284,38148923,0.00016784,26.88944502,sell
1497723283,38148916,0.00016784,26.88944502,sell
1497723283,38148914,0.00016784,26.91500869,sell
1497723283,38148910,0.00016784,26.91636139,sell
1497723283,38148908,0.00016784,32.20082225,sell
1497723283,38148904,0.00016784,157.81882284,sell
1497723282,38148895,0.00016784,26.88674232,sell
1497723282,38148890,0.00016784,32.20055652,sell
1497723282,38148889,0.00016784,26.88674232,sell
1497723282,38148882,0.00016784,25.33627975,sell
1497723282,38148881,0.00016784,26.91556347,sell
1497723282,38148879,0.00016784,26.91556347,sell
1497723282,38148878,0.00016784,26.91556347,sell
1497723282,38148876,0.00016784,26.91556347,sell
1497723282,38148870,0.00016784,26.91556347,sell
1497723282,38148869,0.00016784,26.91556347,sell
1497723282,38148865,0.00016784,26.91556347,sell
1497723282,38148861,0.00016784,26.91556347,sell
1497723281,38148858,0.00016784,26.88674232,sell
1497723281,38148846,0.00016784,26.91365597,sell
1497723281,38148843,0.00016784,26.91365597,sell
1497723281,38148838,0.00016784,26.91556347,sell
1497723281,38148837,0.00016784,5.28727524,sell
1497723281,38148836,0.00016784,26.91556347,sell
1497723281,38148835,0.00016784,26.91556347,sell
1497723281,38148833,0.00016784,26.91611699,sell
1497723280,38148827,0.00016784,26.91556347,sell
1497723280,38148822,0.00016784,26.91556347,sell
1497723280,38148820,0.00016784,26.91556347,sell
1497723280,38148817,0.00016784,26.88674232,sell
1497723280,38148816,0.00016784,26.88674232,sell
1497723280,38148788,0.00016784,547.04477764,sell
1497723277,38148778,0.00016784,208.08257152,sell
1497723270,38148765,0.00016784,115.33279028,sell
1497723264,38148738,0.00016784,209.05284745,sell
1497723260,38148723,0.00016784,26.87959027,sell
1497723257,38148713,0.00016784,53.21917634,sell
1497723256,38148712,0.00016784,26.82973539,sell
1497723256,38148711,0.00016784,26.82973539,sell
1497723256,38148709,0.00016784,26.82973539,sell
1497723256,38148706,0.00016784,24.85807527,sell
1497723254,38148682,0.00016784,45.0,buy
1497723141,38148367,0.00016833,3.0,buy
1497723125,38148344,0.00016836,450.0,buy
1497723110,38148301,0.00016838,3218.74628992,buy
1497723097,38148265,0.00016844,30.0,sell
1497723090,38148247,0.00016839,255.0,buy
1497723061,38148172,0.00016829,552.40766112,buy
1497723061,38148171,0.00016828,131.14426766,buy
1497723061,38148170,0.00016828,20.0,buy
1497723024,38148012,0.0001684,20.0,sell
1497723010,38147948,0.00016829,1299.0,buy
1497722978,38147885,0.00016829,10.0,buy
1497722933,38147842,0.00016693,100.0,sell
1497722925,38147840,0.0001684,2.0,buy
1497722883,38147772,0.00016685,66.3179073,sell
1497722883,38147771,0.0001684,1.0,sell
1497722878,38147763,0.00016849,1043.0,buy
1497722864,38147731,0.00016849,250.0,buy
1497722832,38147635,0.00016701,341.47869462,sell
1497722800,38147567,0.0001684,132.17737529,sell
1497722797,38147564,0.0001684,2.05725723,sell
1497722797,38147562,0.0001684,120.92100844,sell
1497722797,38147560,0.0001684,25.67159919,sell
1497722797,38147559,0.0001684,0.2683379,sell
1497722797,38147556,0.0001684,15.77230545,sell
1497722797,38147554,0.0001684,19.22011798,sell
1497722791,38147544,0.0001684,5000.0,sell
1497722786,38147539,0.0001684,10.01000963,sell
1497722786,38147538,0.0001684,5000.0,sell
1497722786,38147537,0.0001684,6015.7,buy
1497722784,38147515,0.00016703,6507.0824001,sell
1497722747,38147448,0.00016867,10.0,buy
1497722690,38147342,0.00016682,3000.0,sell
1497722573,38147085,0.0001652,4341.023,sell
1497722573,38147084,0.000166,1000.0,sell
1497722573,38147083,0.000166,103.0,sell
1497722573,38147082,0.000166,40.9,sell
1497722573,38147081,0.00016666,7007.077,sell
1497722543,38147053,0.00016886,163.18351174,buy
1497722500,38146965,0.00016848,23.54706248,buy
1497722500,38146963,0.00016848,36.82210741,buy
1497722500,38146956,0.00016848,27.63123681,buy
1497722499,38146953,0.00016848,15.12528232,buy
1497722433,38146689,0.00016877,0.5,sell
1497722420,38146595,0.00016877,2.0,buy
1497722373,38146370,0.00016868,550.0,buy
1497722359,38146347,0.000168,1000.0,sell
1497722339,38146316,0.000169,0.1,buy
1497722338,38146314,0.00016907,0.1,buy
1497722337,38146312,0.00016801,0.1,buy
1497722337,38146309,0.00016801,0.666,sell
1497722337,38146308,0.00016801,51.17829929,sell
1497722337,38146307,0.00016801,57.47467203,sell
1497722337,38146306,0.00016801,352.64584967,sell
1497722337,38146305,0.00016801,298.77537347,sell
1497722337,38146304,0.00016801,11.69988128,sell
1497722337,38146303,0.00016802,15.0,sell
1497722337,38146302,0.000169,5.0,sell
1497722337,38146301,0.00016908,0.1,buy
1497722336,38146297,0.00016908,0.1,buy
1497722335,38146292,0.00016909,0.1,buy
1497722334,38146291,0.0001691,0.1,buy
1497722330,38146279,0.0001692,1.0,buy
1497722325,38146261,0.0001694,2.0,buy
1497722323,38146254,0.00016949,2.0,buy
1497722322,38146252,0.00016959,2.0,buy
1497722320,38146251,0.00016962,2.0,buy
1497722318,38146247,0.0001689,1.0,buy
1497722317,38146246,0.0001689,1.0,buy
1497722316,38146245,0.0001689,1500.0,sell
1497722315,38146242,0.000169,1.0,buy
1497722314,38146239,0.000169,1.0,buy
1497722313,38146235,0.000169,1.0,buy
1497722312,38146234,0.000169,1.0,buy
1497722311,38146233,0.000169,1.0,buy
1497722310,38146231,0.000169,1.0,buy
1497722308,38146230,0.000169,1.0,buy
1497722307,38146228,0.000169,1.0,buy
1497722306,38146223,0.000169,1.0,buy
1497722305,38146222,0.000169,1.0,buy
1497722304,38146221,0.000169,1.0,buy
1497722303,38146210,0.000169,1.0,buy
1497722302,38146208,0.000169,1.0,buy
1497722302,38146203,0.000169,1.0,buy
1497722300,38146196,0.000169,1.0,buy
1497722299,38146192,0.000169,1.0,buy
1497722298,38146191,0.000169,1.0,buy
1497722297,38146190,0.000169,1.0,buy
1497722296,38146189,0.000169,1.0,buy
1497722295,38146187,0.000169,1.0,buy
1497722294,38146186,0.000169,1.0,buy
1497722293,38146185,0.000169,1.0,buy
1497722293,38146184,0.000169,1.0,buy
1497722292,38146183,0.000169,1.0,buy
1497722288,38146174,0.000169,0.5,buy
1497722287,38146171,0.000169,0.5,buy
1497722286,38146161,0.000169,2000.0,buy
1497722286,38146160,0.000169,0.5,buy
1497722285,38146145,0.0001692,0.5,buy
1497722283,38146134,0.0001692,0.5,buy
1497722282,38146132,0.0001692,0.5,buy
1497722280,38146131,0.0001692,0.5,buy
1497722277,38146127,0.0001692,0.1,buy
1497722273,38146118,0.0001694,0.1,buy
1497722269,38146099,0.0001689,110.19503839,buy
1497722223,38145976,0.000169,0.66,buy
1497722214,38145933,0.00016748,93.59158775,buy
1497722214,38145930,0.00016748,12.16515906,buy
1497722214,38145928,0.00016748,148.12870141,buy
1497722214,38145922,0.00016748,208.25813594,buy
1497722214,38145921,0.00016748,11.69988128,buy
1497722214,38145920,0.00016748,16.99029487,buy
1497722213,38145912,0.00016748,36.03656004,buy
1497722213,38145911,0.00016748,12.9850853,buy
1497722213,38145910,0.00016748,89.69908985,buy
1497722213,38145908,0.00016748,237.74187413,buy
1497722213,38145907,0.00016748,11.69988128,buy
1497722183,38145835,0.00016743,2000.0,sell
1497722159,38145797,0.00016988,80.8,buy
1497722158,38145782,0.00016735,63.51576061,buy
1497722158,38145779,0.00016735,31.28747965,buy
1497722157,38145777,0.00016735,161.67887603,buy
1497722157,38145773,0.00016735,288.04218434,buy
1497722157,38145765,0.00016735,31.28747965,buy
1497722157,38145757,0.00016735,20.24625117,buy
1497722157,38145752,0.00016735,26.65485421,buy
1497722157,38145746,0.00016735,12.55324531,buy
1497722157,38145745,0.00016735,288.04218434,buy
1497722156,38145742,0.00016735,76.69168469,buy
1497722138,38145692,0.00016735,3.26116071,sell
1497722138,38145691,0.000168,58.0,sell
1497722119,38145660,0.000168,0.449,sell
1497722113,38145638,0.0001695,516.69073746,sell
1497722081,38145582,0.0001699,15.10669999,buy
1497722081,38145581,0.000168,34.89330001,buy
1497722062,38145536,0.000168,1.120481,buy
1497722058,38145527,0.000168,2.46678571,buy
1497722056,38145525,0.000168,1.91943328,buy
1497722014,38145410,0.0001705,510.0,buy
1497721936,38145239,0.0001694,270.0,buy
1497721931,38145204,0.00016591,0.401,sell
1497721916,38145148,0.00016503,298.40196823,sell
1497721916,38145147,0.00016509,1211.46041553,sell
1497721916,38145146,0.0001651,18802.6,sell
1497721916,38145145,0.0001651,200.0,sell
1497721916,38145144,0.0001651,19.29521502,sell
1497721916,38145143,0.00016512,0.82335453,sell
1497721916,38145142,0.0001652,11281.6,sell
1497721916,38145141,0.00016572,697.51093,sell
1497721916,38145140,0.0001658,5000.0,sell
1497721916,38145139,0.0001671,7707.007,sell
1497721916,38145138,0.0001671,69.35511669,sell
1497721916,38145137,0.0001672,3760.5,sell
1497721916,38145136,0.00016721,7761.446,sell
1497721879,38145039,0.0001655,48397.07918104,sell
1497721879,38145038,0.0001656,19569.2,sell
1497721879,38145037,0.0001659,1.0,sell
1497721879,38145036,0.0001659,1000.0,sell
1497721879,38145035,0.00016591,100.0,sell
1497721879,38145034,0.000166,250.0,sell
1497721879,38145033,0.000166,100.0,sell
1497721879,38145032,0.000166,10.0,sell
1497721879,38145031,0.000166,10.0,sell
1497721879,38145030,0.000166,42.7,sell
1497721879,38145029,0.000166,100.0,sell
1497721879,38145028,0.000166,1000.0,sell
1497721879,38145027,0.0001662,281.76540313,sell
1497721879,38145026,0.0001664,5.0,sell
1497721879,38145025,0.0001664,5.0,sell
1497721879,38145024,0.0001665,3000.0,sell
1497721879,38145023,0.0001665,437.3839039,sell
1497721879,38145022,0.0001665,300.0,sell
1497721879,38145021,0.0001665,100.0,sell
1497721879,38145020,0.0001665,182.80460656,sell
1497721879,38145019,0.0001667,5000.0,sell
1497721879,38145018,0.000167,1000.0,sell
1497721879,38145017,0.000167,440.0,sell
1497721879,38145016,0.000167,800.0,sell
1497721879,38145015,0.000167,10.0,sell
1497721879,38145014,0.000167,800.0,sell
1497721879,38145013,0.000167,16.02790419,sell
1497721879,38145012,0.000167,10.0,sell
1497721879,38145011,0.00016701,470.0,sell
1497721879,38145010,0.0001672,206.75681818,sell
1497721879,38145009,0.00016746,10.0,sell
1497721879,38145008,0.0001675,40.0,sell
1497721879,38145007,0.00016751,400.0,sell
1497721879,38145006,0.00016752,40.0,sell
1497721879,38145005,0.00016753,400.0,sell
1497721879,38145004,0.00016798,1017.09739255,sell
1497721879,38145003,0.000168,50.0,sell
1497721879,38145002,0.000168,80.0,sell
1497721879,38145001,0.000168,100.0,sell
1497721879,38145000,0.000168,2000.0,sell
1497721879,38144999,0.000168,10.0,sell
1497721879,38144998,0.000168,10.0,sell
1497721879,38144997,0.000168,33.65,sell
1497721879,38144996,0.00016801,200.0,sell
1497721879,38144995,0.00016801,470.0,sell
1497721879,38144994,0.00016846,10.0,sell
1497721879,38144993,0.0001685,509.7922848,sell
1497721879,38144992,0.00016851,5784.561,sell
1497721879,38144991,0.00016888,5.0,sell
1497721879,38144990,0.0001689,25.3,sell
1497721879,38144989,0.000169,10.0,sell
1497721879,38144988,0.000169,3000.0,sell
1497721879,38144987,0.000169,350.0,sell
1497721879,38144986,0.000169,10.0,sell
1497721879,38144985,0.000169,50.0,sell
1497721879,38144984,0.000169,211.65130177,sell
1497721879,38144983,0.00016901,470.0,sell
1497721879,38144982,0.00016902,48.23020388,sell
1497721879,38144981,0.0001692,1000.0,sell
1497721879,38144980,0.00016926,10.0,sell
1497721877,38144961,0.00016943,47.98406447,buy
1497721877,38144960,0.00016943,48.01197771,buy
1497721877,38144959,0.00016943,31.87443862,buy
1497721877,38144958,0.00016944,954.759,sell
1497721877,38144957,0.00016946,47.98406447,sell
1497721852,38144853,0.00017,475.293,sell
1497721852,38144852,0.00017,608.62641176,sell
1497721852,38144851,0.00017,3691.61952941,sell
1497721852,38144850,0.00017,370.00557036,sell
1497721852,38144849,0.00017082,50.0,sell
1497721852,38144848,0.00017095,25.0,sell
1497721852,38144847,0.000171,70.0,sell
1497721852,38144846,0.000171,0.56552063,sell
1497721852,38144845,0.000171,289.0,sell
1497721852,38144844,0.000171,56.0,sell
1497721852,38144843,0.000171,10.0,sell
1497721852,38144842,0.000171,10.0,sell
1497721852,38144841,0.000171,21.53579769,sell
1497721852,38144840,0.0001711,2110.0,sell
1497721852,38144839,0.0001711,2061.3626948,sell
1497721852,38144838,0.0001713,55.0,sell
1497721852,38144837,0.0001714,104.50113511,sell
1497721852,38144836,0.0001714,1150.0,sell
1497721852,38144835,0.0001714,2047.0630005,sell
1497721835,38144794,0.0001718,2.3952594,buy
1497721835,38144793,0.00017179,47.6047406,buy
1497721681,38144555,0.0001714,8.991,sell
1497721681,38144554,0.0001714,8.991,sell
1497721679,38144551,0.0001714,8.991,sell
1497721674,38144542,0.0001714,8.991,sell
1497721663,38144532,0.0001714,8.99099975,sell
1497721662,38144529,0.0001714,8.99099975,sell
1497721655,38144514,0.00017179,1.0,buy
1497721652,38144501,0.0001714,8.991,sell
1497721644,38144484,0.0001718,1.0,buy
1497721641,38144481,0.0001718,1.0,buy
1497721640,38144479,0.0001718,1.0,buy
1497721639,38144476,0.0001718,1.0,buy
1497721619,38144457,0.0001718,11170.0,buy
1497721614,38144453,0.0001718,3.0,buy
1497721613,38144452,0.0001718,318.02616521,buy
1497721613,38144451,0.0001718,143.94818379,buy
1497721612,38144450,0.0001718,426.1,buy
1497721585,38144388,0.0001718,5.0,buy
1497721582,38144371,0.0001718,324.85171611,buy
1497721562,38144286,0.0001711,48.6373052,sell
1497721562,38144285,0.0001711,496.3747538,sell
1497721560,38144273,0.0001711,154.64869557,sell
1497721560,38144264,0.0001711,433.74786544,sell
1497721560,38144263,0.0001716,50.0,sell
1497721550,38144190,0.0001718,100.1001001,buy
1497721510,38144036,0.0001719,2.0,buy
1497721496,38143982,0.0001719,2.0,buy
1497721458,38143883,0.0001719,20.0,buy
1497721457,38143878,0.0001711,415.22868519,sell
1497721457,38143877,0.0001711,476.56845934,sell
1497721457,38143876,0.00017111,45.10405076,sell
1497721456,38143864,0.00017111,918.98766091,sell
1497721456,38143863,0.0001719,0.55738929,buy
1497721455,38143857,0.00017111,611.77438689,sell
1497721455,38143856,0.0001717,5.8981309,sell
1497721454,38143853,0.0001717,44.1018691,sell
1497721433,38143829,0.0001719,74.71495055,buy
1497721426,38143817,0.0001719,31.0,buy
1497721426,38143816,0.00017111,534.13390144,sell
1497721426,38143815,0.00017111,1.01753258,sell
1497721426,38143814,0.00017111,220.39528796,sell
1497721401,38143756,0.0001719,5.06108202,buy
1497721385,38143724,0.0001719,35.69621661,buy
1497721385,38143723,0.00017187,84.15526681,buy
1497721356,38143588,0.00017111,25.85377522,sell
1497721356,38143587,0.00017111,74.14622478,sell
1497721349,38143517,0.00017111,6.78842227,sell
1497721349,38143516,0.00017111,77.45116846,sell
1497721348,38143504,0.00017111,3.48347859,sell
1497721348,38143503,0.00017111,80.93464705,sell
1497721343,38143479,0.00017187,100.0,sell
1497721324,38143322,0.0001719,1132.44025596,buy
1497721317,38143303,0.0001719,20.0,buy
1497721308,38143241,0.0001719,25.0,buy
1497721292,38143192,0.0001719,1.0,buy
1497721285,38143154,0.0001719,1.0,buy
1497721280,38143135,0.0001719,4048.75311227,buy
1497721272,38143117,0.0001719,1.0,buy
1497721263,38143075,0.0001711,78.20741451,sell
1497721263,38143074,0.00017179,408.03812649,sell
1497721261,38143062,0.0001718,3000.0,sell
1497721261,38143061,0.00017187,2.75445877,sell
1497721220,38142837,0.0001719,300.0,buy
1497721217,38142816,0.0001719,76.41029201,buy
1497721194,38142615,0.0001718,4.52435504,sell
1497721194,38142614,0.0001718,80.93464705,sell
1497721194,38142613,0.0001718,80.93464705,sell
1497721194,38142612,0.0001718,80.93464705,sell
1497721194,38142611,0.0001718,71.21573581,sell
1497721173,38142542,0.0001718,9.71891124,sell
1497721173,38142541,0.0001718,80.93464705,sell
1497721173,38142540,0.0001718,80.93464705,sell
1497721173,38142539,0.0001718,80.93464705,sell
1497721173,38142538,0.0001718,80.93464705,sell
1497721173,38142537,0.0001718,80.93464705,sell
1497721173,38142536,0.0001718,80.93464705,sell
1497721173,38142535,0.0001718,80.93464705,sell
1497721173,38142534,0.0001718,80.93464705,sell
1497721173,38142533,0.0001718,80.93464705,sell
1497721173,38142532,0.0001718,80.93464705,sell
1497721173,38142531,0.0001718,80.93461826,sell
1497721163,38142515,0.0001719,66.0,buy
1497721128,38142457,0.00017172,33.18924705,buy
1497721108,38142227,0.00017172,61.22728034,buy
1497721100,38142166,0.00017109,32.73067452,sell
1497721100,38142165,0.00017109,12.49345163,sell
1497721100,38142164,0.000171,32.73067452,sell
1497721100,38142163,0.000171,32.73067452,sell
1497721100,38142162,0.000171,32.73067452,sell
1497721100,38142160,0.000171,32.73067452,sell
1497721100,38142157,0.000171,12.73067452,sell
1497721099,38142153,0.000171,32.73067452,sell
1497721099,38142151,0.000171,12.49345163,sell
1497721099,38142150,0.000171,32.73067452,sell
1497721099,38142146,0.000171,32.73067452,sell
1497721099,38142143,0.000171,32.73067452,sell
1497721099,38142141,0.000171,32.73067452,sell
1497721099,38142140,0.000171,32.73067452,sell
1497721095,38142103,0.00017101,10.0,sell
1497721095,38142102,0.00017101,10.0,sell
1497721082,38142036,0.00017174,45.0,buy
1497721034,38141773,0.0001711,100.0,buy
1497721000,38141681,0.0001719,307.16814451,buy
1497721000,38141680,0.00017189,302.83185549,buy
1497720975,38141592,0.000171,25.93333096,buy
1497720963,38141575,0.000171,454.0,buy
1497720960,38141564,0.000171,5.0,buy
1497720950,38141542,0.000171,1.32284708,buy
1497720916,38141449,0.000171,0.85085085,buy
1497720914,38141446,0.000171,115.56391812,buy
1497720882,38141381,0.000171,100.0,buy
1497720881,38141373,0.000171,0.66128337,buy
1497720876,38141359,0.000171,0.66219634,buy
1497720875,38141356,0.000171,0.66221566,buy
1497720872,38141347,0.000171,0.66208428,buy
1497720863,38141292,0.000171,2.0,buy
1497720859,38141284,0.000171,0.68122663,buy
1497720856,38141264,0.000171,1.88841458,buy
1497720856,38141263,0.000171,1.88841458,buy
1497720854,38141245,0.000171,1.88841458,buy
1497720852,38141226,0.000171,1.88841458,buy
1497720849,38141212,0.000171,2000.0,buy
1497720839,38141138,0.000171,145.0,buy
1497720834,38141115,0.000171,1192.51374,buy
1497720807,38140949,0.000171,2000.0,buy
1497720800,38140922,0.000171,1191.78,buy
1497720800,38140921,0.000171,318.702356,buy
1497720790,38140835,0.000171,1000.0,buy
1497720783,38140767,0.000171,1000.0,buy
1497720777,38140684,0.000171,100.0,buy
1497720759,38140582,0.000171,336.45029239,buy
1497720752,38140519,0.00017,100.0,sell
1497720749,38140516,0.00017,29.99442964,buy
1497720746,38140511,0.00017,236.95393,buy
1497720746,38140510,0.00017,2380.39007,buy
1497720745,38140509,0.00017,236.95393,buy
1497720743,38140501,0.00016932,1494.24717643,sell
1497720733,38140476,0.00017,1.0,buy
1497720708,38140340,0.00017,10.0,buy
1497720685,38140285,0.00017,10.0,buy
1497720675,38140269,0.00017,3000.0,buy
1497720674,38140262,0.00017,80.094469,buy
1497720657,38140229,0.00017,6.31618497,buy
1497720654,38140202,0.00017,685.0,buy
1497720654,38140201,0.00017,203.91486082,buy
1497720653,38140195,0.00017,88.01470178,buy
1497720652,38140185,0.00017,1619.67058064,buy
1497720652,38140184,0.00017,218.938364,buy
1497720652,38140183,0.00017,400.0,buy
1497720652,38140180,0.00017,113.869285,buy
1497720652,38140178,0.00017,1623.11319462,buy
1497720652,38140177,0.00017,1000.0,sell
1497720652,38140176,0.00017,2941.1764,sell
1497720652,38140175,0.00017,250.0,sell
1497720652,38140174,0.00017,720.3335,sell
1497720652,38140173,0.00017,66.1411,sell
1497720652,38140172,0.00017,2000.0,sell
1497720652,38140171,0.00017,300.0,sell
1497720652,38140170,0.00017,680.0,sell
1497720652,38140169,0.00017,3.0,sell
1497720652,38140168,0.00017,934.72470588,sell
1497720652,38140167,0.00017,282.94117647,sell
1497720652,38140166,0.00017,10.0,sell
1497720652,38140165,0.00017,250.0,sell
1497720652,38140164,0.00017,246.91805882,sell
1497720652,38140163,0.00017,39.85,sell
1497720652,38140162,0.00017,517.43805882,sell
1497720652,38140161,0.00017001,470.0,sell
1497720652,38140160,0.00017002,1.45135866,sell
1497720652,38140159,0.0001701,193.0,sell
1497720652,38140158,0.0001701,1000.0,sell
1497720652,38140157,0.0001702,25.0,sell
1497720652,38140156,0.0001703,2935.9953024,sell
1497720652,38140155,0.00017034,1521.36,sell
1497720652,38140154,0.0001706,10.0,sell
1497720652,38140153,0.000171,10.0,sell
1497720652,38140152,0.000171,905.0,sell
1497720652,38140151,0.000171,50.0,sell
1497720652,38140150,0.0001713,362.06800389,sell
1497720652,38140149,0.00017229,11078.99430091,sell
1497720652,38140148,0.00017265,4000.0,sell
1497720652,38140147,0.0001729,527.10850202,sell
1497720651,38140143,0.0001729,0.15890562,sell
1497720645,38140131,0.0001729,79.5279577,sell
1497720644,38140129,0.0001729,79.52824477,sell
1497720610,38139830,0.000173,150.0,buy
1497720566,38139512,0.000173,0.18633308,buy
1497720549,38139450,0.000173,777.16058352,buy
1497720486,38139219,0.000173,95.48914924,buy
1497720474,38139192,0.000173,900.0,buy
1497720450,38139091,0.000173,2882.0,buy
1497720442,38139046,0.000173,2000.0,sell
1497720442,38139045,0.000173,22.64834468,sell
1497720391,38138752,0.0001729,69.91033361,sell
1497720389,38138750,0.00017342,10.0,buy
1497720386,38138702,0.00017342,10.0,buy
1497720382,38138697,0.00017343,10.0,buy
1497720352,38138607,0.0001729,156.8833303,sell
1497720352,38138606,0.0001729,238.19122733,sell
1497720352,38138605,0.00017329,2.92544237,sell
1497720334,38138565,0.00017345,189.26448377,buy
1497720307,38138517,0.00017329,9.52666902,sell
1497720307,38138516,0.00017329,79.59590825,sell
1497720307,38138515,0.00017329,79.59590825,sell
1497720307,38138514,0.00017329,79.59590825,sell
1497720307,38138513,0.00017329,79.59590825,sell
1497720307,38138512,0.00017329,79.59590825,sell
1497720297,38138489,0.00017329,79.56834736,sell
1497720267,38138348,0.0001731,79.56834738,sell
1497720267,38138344,0.0001731,10.7913155,sell
1497720266,38138339,0.0001731,79.56834738,sell
1497720266,38138338,0.0001731,79.56834738,sell
1497720266,38138337,0.0001731,79.56834738,sell
1497720266,38138334,0.0001731,79.56834738,sell
1497720266,38138333,0.0001731,79.56834738,sell
1497720266,38138327,0.0001731,79.56834738,sell
1497720266,38138326,0.0001731,79.56834738,sell
1497720266,38138325,0.0001731,79.56834738,sell
1497720266,38138323,0.0001731,79.56834738,sell
1497720266,38138322,0.0001731,79.56834738,sell
1497720266,38138321,0.0001731,79.56834738,sell
1497720266,38138320,0.0001731,79.56834738,sell
1497720266,38138318,0.0001731,79.56834738,sell
1497720266,38138317,0.0001731,79.56834738,sell
1497720266,38138316,0.0001731,79.56834738,sell
1497720266,38138315,0.0001731,79.56834738,sell
1497720266,38138314,0.0001731,79.56834738,sell
1497720266,38138313,0.0001731,79.56834738,sell
1497720266,38138312,0.0001731,79.56834738,sell
1497720266,38138311,0.0001731,79.56834738,sell
1497720266,38138310,0.0001731,79.56834738,sell
1497720266,38138309,0.0001731,79.56834738,sell
1497720266,38138308,0.0001731,79.56834738,sell
1497720266,38138307,0.0001731,79.56834738,sell
1497720259,38138281,0.0001731,50.0,sell
1497720252,38138241,0.00017349,500.0,buy
1497720193,38138150,0.0001729,79.52148776,sell
1497720193,38138149,0.0001729,79.52148776,sell
1497720192,38138145,0.0001729,22.45352632,sell
1497720192,38138143,0.0001729,79.52148098,sell
1497720190,38138129,0.00017338,261.01798282,sell
1497720189,38138114,0.00017338,304.36467265,sell
1497720189,38138113,0.00017337,5.0,buy
1497720189,38138112,0.00017336,79.61734453,buy
1497720173,38138041,0.00017329,179.94313306,buy
1497720173,38138040,0.00017329,79.61734453,buy
1497720156,38138001,0.00017338,1170.38265547,buy
1497720156,38138000,0.00017298,79.61734453,buy
1497720156,38137991,0.0001729,50.0,sell
1497720156,38137984,0.0001729,79.61734453,sell
1497720156,38137982,0.0001729,79.61734453,sell
1497720156,38137981,0.0001729,79.61734453,sell
1497720156,38137979,0.0001729,79.61734453,sell
1497720155,38137977,0.0001729,62.70406718,sell
1497720151,38137962,0.000173,16.91327735,sell
1497720150,38137942,0.000173,79.61734453,sell
1497720150,38137941,0.000173,79.61734453,sell
1497720150,38137940,0.000173,79.61734453,sell
1497720150,38137938,0.000173,79.61734453,sell
1497720149,38137937,0.000173,79.61734453,sell
1497720147,38137903,0.0001729,69.61734455,sell
1497720146,38137893,0.000173,10.0,sell
1497720144,38137859,0.000173,79.61734455,sell
1497720144,38137858,0.000173,79.61734455,sell
1497720144,38137857,0.000173,79.61734455,sell
1497720144,38137855,0.000173,71.69385017,sell
1497720144,38137851,0.000173,79.61734455,sell
1497720144,38137849,0.000173,79.61734455,sell
1497720144,38137846,0.000173,79.61734455,sell
1497720144,38137845,0.000173,79.61734455,sell
1497720144,38137844,0.000173,79.61734455,sell
1497720144,38137843,0.000173,79.61734455,sell
1497720144,38137841,0.000173,79.61734455,sell
1497720144,38137840,0.000173,79.61734455,sell
1497720144,38137839,0.000173,79.61734455,sell
1497720143,38137837,0.000173,79.61734455,sell
1497720143,38137835,0.000173,79.61734455,sell
1497720143,38137834,0.000173,79.61734455,sell
1497720143,38137833,0.000173,79.61734455,sell
1497720143,38137830,0.000173,79.61734455,sell
1497720143,38137829,0.000173,79.61734455,sell
1497720143,38137828,0.000173,79.61734455,sell
1497720143,38137826,0.000173,79.61734455,sell
1497720143,38137823,0.000173,79.61734455,sell
1497720143,38137822,0.000173,79.61734455,sell
1497720143,38137819,0.000173,79.61734455,sell
1497720143,38137817,0.000173,79.61734455,sell
1497720143,38137816,0.000173,79.61734455,sell
1497720143,38137813,0.000173,79.61734455,sell
1497720143,38137812,0.000173,79.61734455,sell
1497720143,38137810,0.000173,79.61734455,sell
1497720143,38137808,0.000173,79.61734455,sell
1497720143,38137807,0.000173,79.61734455,sell
1497720143,38137806,0.000173,79.61734455,sell
1497720143,38137803,0.000173,79.61734455,sell
1497720143,38137802,0.000173,79.61734455,sell
1497720143,38137801,0.000173,79.61734455,sell
1497720143,38137799,0.000173,79.61734455,sell
1497720143,38137797,0.000173,79.61734455,sell
1497720143,38137796,0.000173,79.61734455,sell
1497720143,38137795,0.000173,79.61734455,sell
1497720143,38137794,0.000173,79.61734455,sell
1497720142,38137793,0.000173,79.61734455,sell
1497720142,38137792,0.000173,79.61734455,sell
1497720142,38137791,0.000173,79.61734455,sell
1497720142,38137790,0.000173,79.61734455,sell
