Timestamp,TradeId,Price,Amount,Type
1500163069,43880397,0.0000806,300.0,buy
1500163068,43880395,0.0000805,109.18379606,sell
1500163024,43880230,0.0000806,91.93001386,buy
1500163024,43880225,0.0000806,150.12091454,buy
1500163023,43880218,0.0000806,3487.8116592,buy
1500162955,43879881,0.0000803,65.87958652,sell
1500162932,43879766,0.00008023,285.9041533,sell
1500162764,43878752,0.0000804,2.934034,buy
1500162762,43878745,0.0000804,107.86400963,buy
1500162762,43878744,0.0000804,107.86400963,buy
1500162761,43878738,0.0000804,107.86400963,buy
1500162751,43878706,0.00008036,2255.600428,sell
1500162700,43878587,0.0000804,41.04,sell
1500162623,43878420,0.0000805,0.62869233,buy
1500162547,43878220,0.00008022,27.3541369,sell
1500162547,43878217,0.00008022,2.6458631,sell
1500162546,43878211,0.00008021,2.6458631,buy
1500162417,43877833,0.0000805,1200.0,buy
1500162300,43877538,0.0000805,291.65211269,buy
1500162164,43876939,0.00008062,100.09993155,buy
1500162081,43876630,0.00008062,22.62723338,buy
1500162077,43876596,0.00008062,107.8961682,buy
1500162062,43876513,0.00008002,71.86931545,sell
1500162054,43876476,0.00008001,197.184396,sell
1500161951,43876209,0.00008,66.91444694,sell
1500161938,43876157,0.00008049,155.0,buy
1500161830,43875680,0.0000806,292.28080503,buy
1500161772,43875531,0.0000805,1534.61776542,buy
1500161772,43875530,0.0000805,69.72315958,buy
1500161697,43874952,0.0000807,292.28080503,buy
1500161695,43874944,0.0000807,145.48066914,buy
1500161691,43874922,0.0000807,145.01743181,buy
1500161691,43874914,0.0000807,5312.07983808,buy
1500161690,43874909,0.0000807,346.35687732,buy
1500161690,43874906,0.0000807,1425.87360061,buy
1500161688,43874897,0.0000807,13117.36059479,buy
1500161458,43873870,0.0000807,13.7385969,buy
1500161458,43873869,0.00008026,6.57899688,buy
1500161458,43873868,0.00008026,2.77449844,buy
1500161345,43873496,0.00008,74.19,sell
1500161209,43873262,0.00008026,1.0,buy
1500161200,43873231,0.00008026,0.1,buy
1500161183,43873161,0.00008026,93.35100312,buy
1500161183,43873160,0.00008026,6.64899688,buy
1500161112,43872996,0.00008026,4.0,buy
1500161067,43872859,0.00008026,557.98680341,buy
1500161067,43872858,0.00008022,124.71520283,buy
1500161067,43872857,0.00008022,17.29799376,buy
1500161005,43872677,0.00008026,200.0,buy
1500160967,43872315,0.00008026,389.42663995,buy
1500160967,43872314,0.00008014,11.77436304,buy
1500160941,43872044,0.00008,0.22564283,sell
1500160928,43871936,0.00008,265.45218211,sell
1500160920,43871871,0.0000799,110.85569531,sell
1500160870,43871521,0.0000798,335.40798294,sell
1500160829,43871365,0.00007993,96.64495908,buy
1500160828,43871347,0.00007993,0.50242482,buy
1500160810,43871232,0.00007982,0.25071024,sell
1500160799,43871191,0.0000799,63.6337654,sell
1500160795,43871159,0.0000799,36.3662346,sell
1500160791,43871136,0.00008007,77.05723455,sell
1500160790,43871128,0.00008,265.95460693,buy
1500160786,43871061,0.00008,302.32084153,sell
1500160786,43871060,0.00008006,77.05723455,sell
1500160785,43871037,0.00008006,36.32630399,sell
1500160779,43870979,0.00008006,0.10601089,sell
1500160735,43870798,0.00008006,0.59070122,sell
1500160734,43870792,0.00008007,360.22431896,buy
1500160726,43870659,0.00008006,10.39692377,sell
1500160649,43870006,0.00008006,75.52282558,sell
1500160649,43870005,0.00008006,28.21734297,sell
1500160649,43870004,0.00008007,111.99933006,sell
1500160649,43870003,0.00008007,95.03817343,buy
1500160649,43870002,0.00008007,8.49297888,buy
1500160629,43869944,0.00008007,91.50702112,buy
1500160629,43869943,0.00008007,8.49297888,buy
1500160627,43869937,0.00008006,226.83103705,sell
1500160584,43869826,0.00008007,169.95214038,buy
1500160584,43869823,0.00008007,212.57478359,buy
1500160584,43869822,0.00008007,16.98595775,buy
1500160551,43869745,0.00008006,83.0334283,sell
1500160512,43869625,0.00008006,111.91819168,sell
1500160461,43869502,0.00008006,2.16498628,buy
1500160459,43869495,0.00008,2.16065847,sell
1500160444,43869478,0.00008007,0.65685275,buy
1500160340,43869327,0.00008007,55.38029719,buy
1500160340,43869326,0.00008007,34.62876825,buy
1500160316,43869299,0.00008008,125.38353223,buy
1500160295,43869239,0.00008009,360.58490386,buy
1500160290,43869230,0.00008009,360.58490386,buy
1500160284,43869219,0.00008009,2.19006295,buy
1500160272,43869189,0.0000798,0.34718517,sell
1500160272,43869184,0.00008009,11440.05728288,buy
1500160272,43869183,0.00008008,1.19892,buy
1500160272,43869182,0.00008007,45.35419155,buy
1500160272,43869181,0.00008007,336.98806667,buy
1500160272,43869180,0.00008007,37.591,buy
1500160272,43869179,0.00007999,0.34718517,buy
1500160266,43869164,0.00008,152.471375,sell
1500160263,43869153,0.00008,347.18143983,sell
1500160238,43869107,0.00008008,360.22431896,buy
1500160203,43869053,0.00008009,4773.12237134,buy
1500160203,43869052,0.00008009,1281.0856,buy
1500160203,43869051,0.00008,1331.0,buy
1500160203,43869050,0.00007999,111.26414636,buy
1500160203,43869049,0.00007999,3.5278823,buy
1500160169,43868994,0.0000798,365.25699694,sell
1500160168,43868989,0.0000798,2576.401907,sell
1500160167,43868987,0.0000798,112.54014473,sell
1500160166,43868972,0.0000798,266.236206,sell
1500160161,43868953,0.0000798,378.66258703,sell
1500160161,43868952,0.0000798,378.49478552,sell
1500160153,43868938,0.0000798,147.77594312,sell
1500160150,43868930,0.0000798,230.87018676,sell
1500160149,43868927,0.0000798,4.2852013,sell
1500160148,43868921,0.00007982,230.87018676,sell
1500160094,43868759,0.0000798,0.35047862,buy
1500160094,43868758,0.0000798,10.56301601,buy
1500159945,43868443,0.00007936,111.33890816,sell
1500159942,43868430,0.0000798,1.11900599,sell
1500159942,43868429,0.0000798,109.86942355,sell
1500159932,43868387,0.0000798,350.16413728,sell
1500159913,43868322,0.0000798,350.43922531,sell
1500159910,43868307,0.0000798,350.51571537,sell
1500159875,43868209,0.0000798,0.14974167,sell
1500159873,43868201,0.00007982,613.55937363,sell
1500159873,43868200,0.00007982,214.47036536,sell
1500159873,43868190,0.00007982,623.223954,sell
1500159872,43868187,0.00007982,622.45052531,sell
1500159872,43868186,0.00007982,137.1068416,sell
1500159872,43868185,0.00007982,485.34368371,sell
1500159872,43868181,0.00007982,623.69792116,sell
1500159872,43868179,0.00007982,351.93682884,sell
1500159851,43868114,0.00007982,22.99053502,sell
1500159847,43868103,0.00007982,24.34088475,sell
1500159847,43868097,0.00007982,49.74907256,sell
1500159746,43867916,0.00007981,0.2598273,sell
1500159557,43867208,0.0000804,455.04888059,buy
1500159537,43867135,0.00007971,0.17617166,sell
1500159537,43867126,0.00007971,10.35489789,sell
1500159537,43867123,0.00007971,1.35063512,sell
1500159537,43867122,0.00007971,0.21394266,sell
1500159537,43867121,0.00007971,12.57540341,sell
1500159537,43867118,0.00007971,96.41140829,sell
1500159537,43867117,0.00007971,1.64027001,sell
1500159530,43867060,0.0000809,1684.55352286,buy
1500159530,43867059,0.00008089,2.86614173,buy
1500159530,43867058,0.0000805,422.08121502,buy
1500159446,43866859,0.00007979,638.07786135,sell
1500159446,43866858,0.00007986,1.2,sell
1500159446,43866857,0.0000799,347.51139428,sell
1500159446,43866856,0.00008047,0.13275076,sell
1500159446,43866855,0.00008051,0.13676783,sell
1500159446,43866854,0.00008052,0.12100785,sell
1500159446,43866853,0.00008053,1.01775581,sell
1500159446,43866852,0.00008054,1.04855337,sell
1500159446,43866851,0.00008055,8.03890919,sell
1500159446,43866850,0.00008055,2.3265726,sell
1500159446,43866849,0.00008055,61.63163709,sell
1500159446,43866848,0.00008056,0.92772687,sell
1500159407,43866754,0.00008056,33.50382521,sell
1500159407,43866753,0.00008056,7.11257263,sell
1500159407,43866752,0.00008056,0.57000837,sell
1500159407,43866751,0.00008056,4.37006416,sell
1500159407,43866750,0.00008056,7.8027945,sell
1500159407,43866749,0.00008056,29.1336801,sell
1500159407,43866748,0.00008056,40.74973132,sell
1500159341,43866406,0.00008056,2.75596712,sell
1500159341,43866400,0.00008056,2.75596712,sell
1500159340,43866395,0.00008056,2.75596712,sell
1500159339,43866389,0.00008056,2.75596712,sell
1500159333,43866372,0.00008056,2.75612375,sell
1500159299,43866278,0.0000809,2.78743256,buy
1500159287,43866249,0.00008057,0.19327746,sell
1500159213,43865958,0.00008049,15.80933419,sell
1500159213,43865957,0.00008049,0.19327746,sell
1500159213,43865956,0.00008049,54.52972355,sell
1500159213,43865955,0.00008049,4.37006416,sell
1500159213,43865954,0.00008049,7.8027945,sell
1500159213,43865953,0.00008049,7.11257263,sell
1500159213,43865952,0.00008049,1.04855337,sell
1500159213,43865951,0.00008049,29.1336801,sell
1500159184,43865872,0.00008046,0.19327746,sell
1500159183,43865867,0.00008046,0.19327746,sell
1500159177,43865838,0.00008045,0.19327746,sell
1500159176,43865834,0.00008044,0.08308892,buy
1500159175,43865833,0.00008044,0.11018854,buy
1500159175,43865832,0.00008044,0.19327746,buy
1500159166,43865772,0.00008043,54.52972354,sell
1500159166,43865771,0.00008043,4.37006416,sell
1500159166,43865770,0.00008043,1.04855337,sell
1500159166,43865769,0.00008043,29.1336801,sell
1500159166,43865768,0.00008043,7.11257263,sell
1500159166,43865767,0.00008043,8.03890919,sell
1500159166,43865766,0.00008043,33.50382521,sell
1500159166,43865765,0.00008043,0.57000837,sell
1500159166,43865764,0.00008043,0.12100785,sell
1500159166,43865763,0.00008043,0.92772687,sell
1500159166,43865762,0.00008043,1.01775581,sell
1500159166,43865761,0.00008043,0.13676783,sell
1500159166,43865760,0.00008043,7.8027945,sell
1500159166,43865759,0.00008043,0.303466,sell
1500159166,43865758,0.00008043,2.3265726,sell
1500159166,43865757,0.00008043,0.13275076,sell
1500159156,43865718,0.00008088,0.24233313,buy
1500159155,43865717,0.00008086,0.04233313,sell
1500159155,43865715,0.00008086,0.2,sell
1500159151,43865700,0.00008086,0.1,buy
1500159132,43865615,0.00008039,59.37909143,buy
1500159132,43865614,0.00008039,0.1,buy
1500159128,43865595,0.0000804,36.35075582,buy
1500159106,43865512,0.00008049,23.56280425,buy
1500159106,43865509,0.00008049,0.52677678,buy
1500159106,43865507,0.00008049,30.96304638,buy
1500159105,43865505,0.00008049,3.86461247,buy
1500159103,43865487,0.00008049,16.10930374,buy
1500159103,43865484,0.00008049,1.83368197,buy
1500159095,43865451,0.0000799,8.24430286,sell
1500159095,43865442,0.0000799,8.24430286,sell
1500159089,43865389,0.00008049,59.48078419,buy
1500159089,43865388,0.00008023,0.00000526,buy
1500158967,43865188,0.0000802,4818.0,buy
1500158939,43865151,0.0000794,249.88859775,sell
1500158939,43865150,0.00007947,200.0,sell
1500158939,43865149,0.00007947,67.24462558,sell
1500158939,43865148,0.00007952,1736.73214944,sell
1500158939,43865147,0.00007954,24.90088164,sell
1500158939,43865146,0.00007968,1130.75442433,sell
1500158939,43865145,0.00007983,605.99242993,sell
1500158939,43865144,0.00007999,93.76788462,sell
1500158939,43865143,0.0000801,42.44158654,sell
1500158939,43865142,0.00008011,42.44158654,sell
1500158939,43865141,0.00008014,42.44158654,sell
1500158939,43865140,0.00008015,12.44867133,sell
1500158813,43865004,0.00008023,209.69033434,buy
1500158808,43864995,0.00008023,30.81302763,buy
1500158808,43864993,0.00008023,4.01909056,buy
1500158808,43864992,0.00008023,0.5242292,buy
1500158807,43864990,0.00008023,218.72010121,buy
1500158806,43864986,0.00008023,17.51311059,buy
1500158805,43864985,0.00008024,218.72010121,sell
1500158783,43864959,0.00008069,23.0,buy
1500158672,43864758,0.0000807,61.81233774,buy
1500158543,43864501,0.00008108,1131.62290846,buy
1500158501,43864371,0.00008119,0.06677268,sell
1500158501,43864370,0.00008119,1458.04136444,sell
1500158500,43864359,0.00008119,4380.62393457,sell
1500158500,43864355,0.00008119,148.80666769,buy
1500158500,43864354,0.00008119,4000.0,buy
1500158500,43864353,0.00008119,12.46126062,buy
1500158463,43864232,0.000081,9475.167777,buy
1500158463,43864231,0.00008099,524.832223,buy
1500158454,43864205,0.0000809,9201.55392652,buy
1500158454,43864204,0.00008089,769.50531939,buy
1500158454,43864203,0.00008088,28.94075409,buy
1500158425,43864129,0.00008109,2720.728,buy
1500158425,43864128,0.00008108,7279.272,buy
1500158367,43863999,0.00008022,163.48001356,sell
1500158367,43863998,0.00008022,0.5242292,sell
1500158364,43863981,0.00008021,1.0,buy
1500158364,43863980,0.00008019,0.00618652,buy
1500158363,43863975,0.00008019,163.99805624,buy
1500158361,43863968,0.00008009,17.51311059,buy
1500158359,43863965,0.00008009,146.49113217,buy
1500158315,43863858,0.0000799,14.26376139,sell
1500158269,43863750,0.00008018,164.10424276,buy
1500158249,43863697,0.00007978,24.90088164,sell
1500158249,43863696,0.00007978,42.44158654,sell
1500158242,43863673,0.00007977,67.34246818,sell
1500158241,43863671,0.00007975,42.44158654,buy
1500158238,43863665,0.00007976,24.90088164,sell
1500158228,43863648,0.00007978,24.90088164,sell
1500158219,43863594,0.00007977,16.12957197,buy
1500158212,43863546,0.00007978,0.36566849,buy
1500158211,43863539,0.00007979,16.12957197,sell
1500158181,43863353,0.0000796,0.28651899,sell
1500158108,43863175,0.00007987,11.15944763,buy
1500158106,43863171,0.00007988,11.15944763,sell
1500158102,43863166,0.00007989,11.15944763,sell
1500158095,43863155,0.00007989,11.15944763,sell
1500158062,43863047,0.00007992,2.19541529,buy
1500158062,43863041,0.00007992,8.7991594,buy
1500158020,43862940,0.0000808,1975.37629799,buy
1500158020,43862939,0.00008079,11.72238495,buy
1500158020,43862938,0.00008079,289.72593546,buy
1500157931,43862744,0.00007913,67.24462558,buy
1500157929,43862732,0.0000795,150.0,sell
1500157929,43862731,0.00007951,11.32447952,sell
1500157929,43862730,0.00007988,48.87893265,sell
1500157824,43862541,0.00007993,11.72238495,buy
1500157821,43862537,0.00007995,11.72238495,sell
1500157784,43862482,0.00008004,17.41697415,sell
1500157784,43862481,0.00008004,212.0772736,sell
1500157784,43862480,0.00008004,60.23168772,sell
1500157784,43862477,0.00008004,11.72238495,sell
1500157782,43862462,0.00008004,145.77189463,sell
1500157782,43862460,0.00008004,11.72238495,sell
1500157782,43862459,0.00008004,229.49424775,sell
1500157596,43862094,0.00008099,18.75411814,buy
1500157591,43862074,0.0000797,0.69970529,buy
1500157590,43862073,0.0000797,1394.15374969,buy
1500157590,43862072,0.00008,150.0,sell
1500157590,43862071,0.00008,120.645875,sell
1500157590,43862070,0.00008,186.77048002,sell
1500157585,43862066,0.0000808,1100.0,buy
1500157524,43861926,0.00008008,26.36188391,sell
1500157419,43861768,0.00008008,100.79043397,sell
1500157419,43861767,0.00008029,815.03220269,sell
1500157360,43861692,0.00008029,0.7,sell
1500157273,43861499,0.00008101,570.9406123,sell
1500157271,43861498,0.00008072,229.0593877,buy
1500157259,43861485,0.0000803,34.34498459,sell
1500157171,43861296,0.00008095,0.10969838,sell
1500157112,43861166,0.00008112,49.88934072,buy
1500157112,43861165,0.00008112,34.34498459,buy
1500157033,43860846,0.00008059,17.13680297,buy
1500157024,43860826,0.0000807,148.40508204,buy
1500157020,43860811,0.0000808,0.13839457,buy
1500157018,43860809,0.0000808,41.44741433,buy
1500156975,43860680,0.00008009,68.62490397,sell
1500156974,43860660,0.00008,13.22951998,sell
1500156974,43860659,0.00008,194.91352366,sell
1500156974,43860633,0.00008009,8.13452565,buy
1500156973,43860628,0.00008,39.2566416,sell
1500156970,43860611,0.00008,27.27110647,sell
1500156969,43860608,0.00008009,27.90312412,buy
1500156969,43860606,0.00008009,0.16217109,buy
1500156968,43860605,0.00008009,9.53205657,buy
1500156968,43860603,0.00008009,1.24331173,buy
1500156968,43860596,0.0000801,73.07910035,buy
1500156968,43860595,0.0000801,1036.844,buy
1500156968,43860594,0.0000801,8.13452565,buy
1500156968,43860593,0.00008,38.55872827,sell
1500156968,43860592,0.00008001,5.49726459,sell
1500156968,43860591,0.0000801,1.06102509,buy
1500156968,43860589,0.0000801,0.13839457,buy
1500156967,43860578,0.0000801,157.31440784,buy
1500156966,43860570,0.0000801,277.87434619,buy
1500156966,43860561,0.0000801,312.66891283,buy
1500156964,43860538,0.0000801,2261.97301825,sell
1500156962,43860533,0.00008175,340.02938692,sell
1500156962,43860526,0.00008175,4380.62393457,sell
1500156962,43860524,0.00008137,127.47107851,buy
1500156962,43860523,0.0000811,11378.9,buy
1500156962,43860522,0.0000811,1772.9756,buy
1500156904,43860307,0.0000802,951.20056092,sell
1500156866,43860155,0.0000801,0.54322614,sell
1500156859,43860079,0.0000801,237.14605111,sell
1500156847,43860023,0.0000801,0.3377045,sell
1500156804,43859893,0.00008019,0.01664302,buy
1500156804,43859891,0.00008019,106.5,buy
1500156674,43858880,0.0000802,2284.37673835,sell
1500156666,43858805,0.0000801,83.70792089,sell
1500156666,43858804,0.0000804,65.0002,sell
1500156666,43858803,0.00008079,60.0,sell
1500156666,43858802,0.00008081,1.43985121,sell
1500156644,43858644,0.00008095,58.09506745,sell
1500156644,43858642,0.00008095,25.07559664,sell
1500156644,43858640,0.00008095,30.33047902,sell
1500156584,43858218,0.000081,60.0,sell
1500156579,43858148,0.000081,60.0,sell
1500156578,43858129,0.000081,60.0,sell
1500156561,43857945,0.0000815,360.0,buy
1500156544,43857792,0.000081,60.0,sell
1500156542,43857782,0.000081,60.0,sell
1500156540,43857756,0.000081,60.0,sell
1500156539,43857748,0.000081,60.0,sell
1500156528,43857666,0.0000818,5.0,buy
1500156519,43857600,0.0000815,1600.27934,buy
1500156519,43857599,0.0000815,905.72066,buy
1500156435,43857153,0.0000818,1145.0,buy
1500156403,43857107,0.0000817,2.29352438,buy
1500156363,43857044,0.0000821,9.54222174,buy
1500156351,43856991,0.0000822,19.24098294,buy
1500156351,43856988,0.0000823,19.27025464,buy
1500156351,43856987,0.0000823,0.32784612,buy
1500156351,43856984,0.0000823,2.51350784,buy
1500156345,43856969,0.00008242,0.01608662,sell
1500156299,43856770,0.00008249,11.96390389,buy
1500156269,43856715,0.00008242,832.14505633,sell
1500156269,43856714,0.00008243,1708.55494367,sell
1500156262,43856690,0.00008259,3.9461474,buy
1500156256,43856634,0.00008243,3.28038214,sell
1500156255,43856632,0.00008243,4.20935013,sell
1500156254,43856612,0.00008266,1711.83532581,buy
1500156254,43856611,0.0000826,3.28038214,buy
1500156254,43856610,0.0000826,4.20935013,buy
1500156254,43856609,0.0000826,69.65208028,buy
1500156253,43856606,0.00008243,36.48175142,sell
1500156243,43856558,0.00008242,376.8762781,sell
1500156243,43856557,0.00008242,371.34636095,sell
1500156243,43856556,0.00008243,371.34636095,sell
1500156239,43856526,0.00008268,51.96187724,buy
1500156238,43856524,0.00008268,613.62792644,buy
1500156237,43856493,0.00008268,49.14547214,buy
1500156234,43856473,0.00008268,10.77092404,buy
1500156234,43856472,0.00008268,1.40493468,buy
1500156231,43856450,0.00008268,100.01181694,buy
1500156223,43856345,0.0000826,5.03620721,buy
1500156222,43856333,0.00008268,22.37336051,buy
1500156222,43856328,0.00008268,18.46166361,buy
1500156222,43856319,0.00008268,43.65419314,buy
1500156204,43856245,0.00008242,18434.0900816,sell
1500156204,43856244,0.0000825,1285.52084848,sell
1500156204,43856243,0.0000825,280.38906992,sell
1500156204,43856242,0.0000825,39.72505337,sell
1500156198,43856221,0.0000825,11.93998805,sell
1500156197,43856219,0.0000825,4.94489459,sell
1500156196,43856217,0.0000825,21.91283885,sell
1500156196,43856216,0.0000825,7.988669,sell
1500156192,43856194,0.00008266,3202.80529241,buy
1500156192,43856193,0.00008266,4.94489459,buy
1500156189,43856157,0.00008266,1769.47574294,sell
1500156188,43856156,0.00008266,7777.0,sell
1500156188,43856154,0.00008266,4380.62393457,sell
1500156145,43855934,0.00008266,23.81130512,sell
1500156093,43855813,0.00008266,207.35598618,sell
1500156093,43855808,0.00008266,433.37841907,sell
1500156093,43855807,0.00008266,243.81796104,sell
1500156093,43855806,0.00008266,109.76336575,sell
1500156092,43855801,0.00008266,549.41170499,sell
1500156092,43855800,0.00008266,1765.10590889,sell
1500156092,43855796,0.00008266,691.44548292,sell
1500156091,43855792,0.00008266,2505.14547,sell
1500156090,43855760,0.00008266,151.60342806,sell
1500156089,43855750,0.00008266,395.45862719,sell
1500156088,43855740,0.00008259,796.60266328,buy
1500156083,43855702,0.00008242,2.07504356,sell
1500156077,43855663,0.00008242,3.41098784,sell
1500156055,43855490,0.00008242,127.1807632,sell
1500156046,43855385,0.00008242,32.29951297,sell
1500156044,43855353,0.00008242,3.17040938,sell
1500156043,43855348,0.00008242,15.44530845,sell
1500156043,43855342,0.00008242,2.01460135,sell
1500156043,43855337,0.00008242,26.82925756,sell
1500156042,43855329,0.00008242,26.15091376,sell
1500156036,43855257,0.00008243,6.42995561,sell
1500156036,43855245,0.00008243,2.67493157,sell
1500156032,43855195,0.00008243,23.93835665,sell
1500156032,43855194,0.00008243,21.15497753,sell
1500156025,43855013,0.00008265,64.43399995,sell
1500155977,43854745,0.00008265,0.78946968,sell
1500155959,43854673,0.00008265,124.04037881,sell
1500155948,43854633,0.00008265,232.9745474,sell
1500155880,43854365,0.00008242,98.88091681,sell
1500155879,43854359,0.00008242,232.74157285,sell
1500155875,43854334,0.00008242,4053.789339,sell
1500155875,43854333,0.00008246,3707.656661,sell
1500155875,43854332,0.00008246,12.89751089,sell
1500155875,43854331,0.00008246,1100.39872281,sell
1500155875,43854330,0.00008246,122.25335634,sell
1500155875,43854328,0.00008246,24.64666366,sell
1500155874,43854324,0.00008246,106.16494671,sell
1500155874,43854318,0.00008246,50.27374227,sell
1500155874,43854311,0.00008246,38.51813032,sell
1500155874,43854307,0.00008246,96.47442958,sell
1500155874,43854306,0.00008246,32.18294954,sell
1500155873,43854294,0.00008246,60.85976536,sell
1500155872,43854288,0.00008246,3656.74011416,sell
1500155865,43854258,0.00008246,43.08101198,sell
1500155864,43854249,0.00008246,25.12295661,sell
1500155862,43854235,0.00008246,53.76013436,sell
1500155862,43854223,0.00008246,54.07887648,sell
1500155861,43854179,0.00008246,41.01232881,sell
1500155860,43854153,0.00008246,29.73641183,sell
1500155860,43854146,0.00008246,28.60731169,sell
1500155860,43854126,0.00008246,26.25467192,sell
1500155860,43854113,0.00008246,26.40325617,sell
1500155859,43854096,0.00008246,61.22980837,sell
1500155859,43854095,0.00008246,40.78659666,sell
1500155858,43854066,0.00008246,47.98916698,sell
1500155850,43853955,0.00008246,30.59378272,sell
1500155850,43853948,0.00008246,78.97967158,sell
1500155849,43853938,0.00008275,1155.63193441,buy
1500155849,43853937,0.00008248,48.85136453,buy
1500155849,43853936,0.00008247,9.36265814,buy
1500155848,43853927,0.00008246,1.13744183,sell
1500155848,43853926,0.00008246,0.85384131,sell
1500155845,43853898,0.00008246,13.75950764,sell
1500155845,43853893,0.00008246,24.52774329,sell
1500155832,43853823,0.00008246,16.77680204,sell
1500155822,43853805,0.00008246,50.1872782,buy
1500155822,43853804,0.00008246,1.23704089,buy
1500155806,43853758,0.0000824,1.22121628,sell
1500155801,43853746,0.00008237,1.22121628,buy
1500155790,43853712,0.0000821,1818.232633,sell
1500155788,43853695,0.0000821,135.23090184,sell
1500155787,43853686,0.00008248,22.92901453,buy
1500155787,43853685,0.00008248,15.06279196,buy
1500155787,43853684,0.00008246,9.36265814,buy
1500155787,43853683,0.00008246,50.1872782,buy
1500155787,43853682,0.00008246,1.23704089,buy
1500155787,43853681,0.00008237,1.22121628,buy
1500155780,43853635,0.0000821,39.39429653,sell
1500155779,43853622,0.0000821,8.72038738,sell
1500155770,43853499,0.00008211,179.34155243,sell
1500155770,43853498,0.00008211,685.75738157,sell
1500155769,43853468,0.0000825,3457.50506616,sell
1500155769,43853467,0.0000825,6.54616217,sell
1500155769,43853465,0.0000825,3.37459895,sell
1500155768,43853447,0.0000825,248.84154445,sell
1500155768,43853432,0.0000825,626.931198,sell
1500155767,43853416,0.0000825,4.0383266,sell
1500155767,43853415,0.0000825,30.96046556,sell
1500155767,43853406,0.0000825,8.08143877,sell
1500155767,43853405,0.0000825,1.05410207,sell
1500155767,43853399,0.0000825,61.95774962,sell
1500155767,43853387,0.0000825,34.39425056,sell
1500155767,43853386,0.00008251,5.00004597,sell
1500155755,43853223,0.00008277,38.33368536,buy
1500155751,43853199,0.00008279,38.33368536,sell
1500155743,43853084,0.00008286,19.95049339,buy
1500155735,43852976,0.0000825,1333.66,buy
1500155732,43852929,0.00008249,1.93810888,buy
1500155732,43852925,0.00008249,1.15376008,buy
1500155731,43852913,0.00008249,8.84549464,buy
1500155698,43852802,0.0000821,75.30774052,sell
1500155694,43852798,0.0000824,205.79722954,sell
1500155694,43852794,0.0000824,1.32730283,sell
1500155694,43852793,0.0000824,78.01591065,sell
1500155694,43852792,0.0000824,584.72140314,sell
1500155694,43852789,0.0000824,10.17598835,sell
1500155694,43852788,0.0000824,139.56672403,sell
1500155693,43852784,0.0000824,4.43098251,sell
1500155693,43852782,0.0000824,0.57795424,sell
1500155693,43852781,0.0000824,33.97086593,sell
1500155693,43852780,0.0000824,71.80191899,sell
1500155693,43852777,0.0000824,26.8607506,sell
1500155693,43852775,0.0000824,3.50357617,sell
1500155693,43852772,0.0000824,0.45698819,sell
1500155693,43852771,0.0000824,205.93242128,sell
1500155693,43852769,0.0000824,4716.33259337,sell
1500155693,43852768,0.0000824,202.19945186,sell
1500155692,43852766,0.0000824,4709.7658338,sell
1500155692,43852762,0.0000824,65.1797,sell
1500155692,43852761,0.0000824,367.08497883,sell
1500155691,43852760,0.00008222,452.72742569,buy
1500155691,43852759,0.00008217,119.57,buy
1500155668,43852596,0.0000821,136.24748709,sell
1500155642,43852538,0.0000821,268.65503161,sell
1500155634,43852504,0.00008217,18.0,buy
1500155603,43852394,0.00008217,501.77303456,buy
1500155603,43852393,0.00008204,98.22696544,buy
1500155600,43852388,0.00008204,23.0,buy
1500155555,43852308,0.0000817,16.0,buy
1500155549,43852296,0.0000817,371.0,buy
1500155496,43852226,0.000081,29291.98075947,sell
1500155426,43851995,0.0000814,413.0,buy
1500155413,43851990,0.000081,464.34801688,sell
1500155409,43851982,0.0000814,464.591442,buy
1500155407,43851964,0.0000814,2885.70613309,buy
1500155407,43851963,0.0000814,464.88517745,buy
1500155407,43851962,0.0000814,857.6041514,buy
1500155407,43851961,0.0000815,465.82506169,sell
1500155407,43851960,0.0000815,331.19482069,sell
1500155373,43851918,0.0000819,238.21245421,sell
1500155343,43851840,0.000081,21775.56590299,sell
1500155343,43851839,0.000081,294.64074074,sell
1500155343,43851838,0.000081,589.22255,sell
1500155343,43851837,0.000081,589.22255,sell
1500155330,43851826,0.0000819,200.0,buy
1500155304,43851761,0.000082,10458.31354227,sell
1500155284,43851722,0.000082,34.15735506,sell
1500155283,43851720,0.000082,67.88201825,sell
1500155283,43851719,0.000082,67.88201825,sell
1500155282,43851715,0.000082,67.88201825,sell
1500155282,43851712,0.000082,67.88201825,sell
1500155282,43851705,0.000082,67.88201825,sell
1500155282,43851704,0.000082,67.88201825,sell
1500155277,43851689,0.000082,0.4995,sell
1500155276,43851684,0.000082,67.88201825,sell
1500155276,43851682,0.000082,31.35597492,sell
1500155276,43851679,0.000082,0.4995,sell
1500155228,43851597,0.000082,2860.83307506,sell
1500155226,43851593,0.000082,629.62290856,sell
1500155222,43851573,0.000082,629.62290856,sell
1500155220,43851566,0.000082,629.62290856,sell
1500155218,43851549,0.000082,629.62290856,sell
1500155216,43851545,0.000082,629.62290856,sell
1500155216,43851543,0.000082,10542.6,sell
1500155214,43851539,0.000082,629.62290856,sell
1500155212,43851536,0.000082,629.62290856,sell
1500155209,43851527,0.000082,629.62290856,sell
1500155207,43851523,0.000082,629.62290856,sell
1500155205,43851519,0.000082,629.62290856,sell
1500155203,43851515,0.000082,629.62290856,sell
1500155200,43851502,0.000082,629.62290856,sell
1500155198,43851498,0.000082,629.62290856,sell
1500155196,43851492,0.000082,629.62290856,sell
1500155195,43851483,0.000082,629.62290856,sell
1500155190,43851469,0.000082,629.62290856,sell
1500155188,43851451,0.000082,629.62290856,sell
1500155183,43851430,0.000082,629.66038834,sell
1500155182,43851427,0.000082,464.12685062,sell
1500155180,43851418,0.000082,4720.2515752,sell
1500155180,43851417,0.000082,78.93866526,sell
1500155180,43851416,0.000082,4907.01040861,sell
1500155179,43851413,0.000082,78.93866526,sell
1500155179,43851412,0.000082,5929.110566,sell
1500155178,43851405,0.000082,543.609125,sell
1500155177,43851395,0.00008203,5.0,buy
1500155175,43851390,0.000082,200.0,sell
1500155164,43851366,0.000082,67.77432599,sell
1500155164,43851365,0.000082,67.77432599,sell
1500155163,43851364,0.000082,67.77432599,sell
1500155163,43851363,0.000082,67.77432599,sell
1500155163,43851362,0.000082,158.6222247,sell
1500155163,43851361,0.000082,67.77432599,sell
1500155163,43851359,0.000082,629.66038834,sell
1500155161,43851351,0.000082,67.77432599,sell
1500155160,43851345,0.000082,67.77432599,sell
1500155160,43851344,0.000082,21.00823567,sell
1500155159,43851329,0.000082,629.66038835,sell
1500155152,43851295,0.000082,394.085813,sell
1500155150,43851284,0.000082,464.623184,sell
1500155149,43851276,0.000082,417.82812684,sell
1500155149,43851273,0.000082,168.36340675,sell
1500155148,43851270,0.000082,195.85883415,sell
1500155148,43851269,0.000082,1716.0371391,sell
1500155148,43851268,0.000082,378.03813722,sell
1500155148,43851262,0.000082,115.55706057,sell
1500155148,43851261,0.000082,632.52196756,sell
1500155148,43851255,0.000082,13505.24130171,sell
1500155148,43851254,0.000082,417.41029871,sell
1500155147,43851245,0.000082,632.55979331,sell
1500155147,43851240,0.000082,4380.62393457,sell
1500155147,43851239,0.000082,167.61398553,sell
1500155147,43851235,0.000082,1406.16155323,sell
1500155147,43851228,0.000082,173.0,buy
1500155147,43851227,0.000082,306.0,buy
1500155147,43851226,0.00008198,630.44849589,buy
1500155147,43851225,0.00008198,147.903684,buy
1500155147,43851224,0.00008189,524.083,buy
1500155124,43851182,0.00008189,5.0,buy
1500155101,43851143,0.00008123,276.16828927,sell
1500155101,43851142,0.00008123,285.43007862,sell
1500155069,43851074,0.00008123,290.57585592,sell
1500155069,43851073,0.00008123,403.03858187,sell
1500155069,43851066,0.00008123,655.71323919,sell
1500155069,43851061,0.0000816,103.28328083,buy
1500155069,43851060,0.00008152,500.0,buy
1500155069,43851059,0.00008152,396.71671917,buy
1500155068,43851055,0.00008123,293.35093895,sell
1500155068,43851054,0.00008123,416.99172517,sell
1500155067,43851049,0.00008123,274.80482101,sell
1500155067,43851044,0.00008123,274.80482101,sell
1500155066,43851039,0.00008123,319.22738401,sell
1500155052,43851004,0.00008123,227.70423618,buy
1500155032,43850968,0.00008123,354.41051029,buy
1500154997,43850825,0.00008122,412.05165625,sell
1500154996,43850818,0.00008123,160.87686961,buy
1500154996,43850815,0.00008123,394.08581264,buy
1500154992,43850797,0.00008122,144.79485667,sell
1500154992,43850796,0.00008122,268.14148157,sell
1500154992,43850794,0.00008122,2055.75135865,sell
1500154973,43850758,0.00008123,11862.9291439,buy
1500154973,43850757,0.00008123,137.0708561,buy
1500154954,43850739,0.00008122,35.52933464,buy
1500154954,43850738,0.00008122,1069.08049204,buy
1500154954,43850737,0.00008122,1.9138062,buy
1500154935,43850710,0.0000811,1.9138062,sell
1500154935,43850707,0.0000811,68.53542805,sell
1500154935,43850704,0.0000811,68.53542805,sell
1500154898,43850635,0.0000811,111.72993662,sell
1500154897,43850624,0.0000811,7.23056601,sell
1500154896,43850618,0.0000811,118.96050263,sell
1500154895,43850616,0.0000811,7.23056601,sell
1500154879,43850580,0.0000811,0.58556031,sell
1500154877,43850571,0.0000811,69.1010188,sell
1500154874,43850557,0.0000811,3.77599586,sell
1500154874,43850552,0.0000811,3.77599586,sell
1500154874,43850551,0.0000811,64.8122954,sell
1500154871,43850538,0.0000811,0.58484192,sell
1500154859,43850505,0.0000811,3.77581939,sell
1500154659,43850022,0.00008101,46.19839241,sell
1500154658,43850017,0.00008101,23.08503471,sell
1500154628,43849807,0.00008111,129.47066536,buy
1500154628,43849806,0.00008111,338.640055,buy
1500154487,43849601,0.000081,4797.1,sell
1500154482,43849589,0.000081,10000.0,sell
1500154470,43849531,0.000081,9531.35739036,sell
1500154470,43849530,0.00008101,468.64260964,sell
1500154462,43849521,0.000081,10000.0,sell
1500154458,43849504,0.000081,9723.50343751,sell
1500154458,43849503,0.00008101,276.49656249,sell
1500154392,43849359,0.000081,200.0,sell
1500154365,43849147,0.000081,211.70777431,sell
1500154343,43849041,0.000081,145.67997,sell
1500154343,43849037,0.000081,484.32003,sell
1500154343,43849036,0.00008101,165.0,sell
1500154312,43848994,0.000081,400.0,sell
1500154303,43848987,0.000081,1.0,buy
1500154303,43848986,0.000081,172.0,buy
1500154303,43848985,0.000081,297.0,buy
1500154233,43848942,0.00008079,150.0,buy
1500154203,43848891,0.00008079,50.0,buy
1500154194,43848887,0.00008063,330.88214171,buy
1500154179,43848857,0.00008079,1100.0,buy
1500154171,43848849,0.0000804,200.0,sell
1500154133,43848764,0.0000804,34.28013496,sell
1500154133,43848762,0.0000804,648.53861825,sell
1500154108,43848627,0.00008083,135.98010677,buy
1500154097,43848608,0.00008091,39.45200636,buy
1500154096,43848602,0.00008042,48.15623571,sell
1500154093,43848576,0.00008048,47.97773883,buy
1500154091,43848562,0.00008042,15.71536102,sell
1500154091,43848561,0.00008049,39.45200636,sell
1500154085,43848439,0.00008049,16.00662244,buy
1500154084,43848434,0.00008049,47.97773883,buy
1500154084,43848430,0.00008049,47.97144763,buy
1500154084,43848427,0.00008049,47.97773883,buy
1500154084,43848425,0.00008049,47.97773883,buy
1500154084,43848420,0.00008049,47.97773883,buy
1500154084,43848417,0.00008049,47.9748908,buy
1500154078,43848375,0.00008049,47.74581771,buy
1500154077,43848360,0.0000804,50000.0,sell
1500154077,43848355,0.00008049,47.74581771,buy
1500154077,43848353,0.00008049,10.36502733,buy
1500154076,43848348,0.00008049,47.74581771,buy
1500154076,43848339,0.00008049,47.74581771,buy
1500154076,43848338,0.00008049,47.7458177,buy
1500154076,43848335,0.00008049,47.74581771,buy
1500154076,43848333,0.00008049,47.74581771,buy
1500154076,43848329,0.00008049,0.08895077,buy
1500154076,43848328,0.00008049,47.65686694,buy
1500154076,43848326,0.00008049,47.74581771,buy
1500154076,43848324,0.00008049,47.74581771,buy
1500154076,43848323,0.00008049,47.74581771,buy
1500154076,43848315,0.00008049,47.74581771,buy
1500154076,43848314,0.00008049,47.74581771,buy
1500154076,43848312,0.00008049,47.74581771,buy
1500154076,43848307,0.00008049,47.74581771,buy
1500154076,43848306,0.00008049,47.74581771,buy
1500154076,43848303,0.00008049,47.74581771,buy
1500154076,43848300,0.00008049,47.74581771,buy
1500154076,43848296,0.00008049,47.74581771,buy
1500154076,43848294,0.00008049,47.74581771,buy
1500154076,43848287,0.00008049,47.74581771,buy
1500154076,43848286,0.00008049,47.74581771,buy
1500154076,43848283,0.00008049,47.74581771,buy
1500154075,43848276,0.00008049,47.74581771,buy
1500154075,43848275,0.00008049,47.74581771,buy
1500154075,43848268,0.00008049,47.74581771,buy
1500154075,43848265,0.00008049,47.74581771,buy
1500154075,43848260,0.00008049,47.74581771,buy
1500154075,43848258,0.00008049,47.74581771,buy
1500154075,43848253,0.00008049,47.74581771,buy
1500154075,43848251,0.00008049,47.74581771,buy
1500154075,43848245,0.00008049,47.74581771,buy
1500154075,43848242,0.00008049,47.74581771,buy
1500154075,43848239,0.00008049,47.74581771,buy
1500154075,43848236,0.00008049,47.74581771,buy
1500154075,43848235,0.00008049,27.97589,buy
1500154075,43848234,0.00008049,19.76992771,buy
1500154075,43848233,0.00008049,47.74581771,buy
1500154075,43848232,0.00008049,47.74581771,buy
1500154075,43848228,0.00008049,47.74581771,buy
1500154075,43848224,0.00008049,3.02781916,buy
1500154075,43848223,0.00008049,44.71799855,buy
1500154075,43848220,0.00008049,47.7458068,buy
1500154075,43848215,0.00008049,47.74581771,buy
1500154061,43848111,0.00008049,21.4373775,buy
1500154054,43848076,0.00008041,7.14056354,sell
1500154052,43848065,0.00008049,4.40446611,buy
1500154052,43848064,0.00008049,2.75040001,buy
1500154043,43847954,0.00008047,1.78568473,buy
1500154040,43847940,0.00008049,47.26482643,buy
1500154040,43847939,0.00008049,47.26482643,buy
1500154040,43847938,0.00008049,47.26482643,buy
1500154040,43847937,0.00008049,8.6691692,buy
1500154040,43847935,0.00008049,47.26482643,buy
1500154040,43847934,0.00008049,47.26482643,buy
1500154040,43847933,0.00008049,47.26482643,buy
1500154040,43847932,0.00008049,47.26482643,buy
1500154040,43847931,0.00008049,47.26482643,buy
1500154040,43847930,0.00008049,47.26482643,buy
1500154040,43847929,0.00008049,47.26482643,buy
1500154040,43847927,0.00008049,47.26482643,buy
1500154040,43847926,0.00008049,47.26482643,buy
1500154040,43847925,0.00008049,47.26482643,buy
1500154040,43847923,0.00008049,47.26482643,buy
1500154040,43847922,0.00008048,47.26482643,buy
1500154040,43847921,0.00008048,47.26482643,buy
1500154040,43847920,0.00008048,47.26482643,buy
1500154040,43847919,0.00008048,47.26482643,buy
1500154040,43847918,0.00008048,47.26482643,buy
1500154040,43847917,0.00008049,47.26482643,buy
1500154040,43847916,0.00008049,47.26482643,buy
1500154040,43847915,0.00008049,47.26482643,buy
1500154040,43847914,0.00008049,47.26482643,buy
1500154040,43847913,0.00008049,47.26482643,buy
1500154040,43847912,0.00008049,47.26482643,buy
1500154040,43847911,0.00008049,47.26482643,buy
1500154040,43847910,0.00008049,47.26482642,buy
1500154038,43847909,0.00008049,47.26482643,buy
1500154038,43847908,0.00008049,47.26482643,buy
1500154037,43847907,0.00008049,47.26482643,buy
1500154037,43847906,0.00008049,47.26482643,buy
1500154037,43847905,0.00008049,47.26482643,buy
1500154037,43847904,0.00008049,47.26482643,buy
1500154037,43847902,0.00008049,47.26482643,buy
1500154037,43847901,0.00008048,47.26482643,buy
1500154037,43847900,0.00008048,47.26482643,buy
1500154037,43847899,0.00008048,47.26482643,buy
1500154037,43847898,0.00008048,47.26482643,buy
1500154037,43847897,0.00008048,47.26482643,buy
1500154037,43847896,0.00008048,47.26482643,buy
1500154037,43847895,0.00008048,47.26482643,buy
1500154037,43847894,0.00008048,47.26482643,buy
1500154037,43847893,0.00008048,47.26482643,buy
1500154037,43847891,0.00008049,47.26482643,buy
1500154037,43847890,0.00008049,47.26482643,buy
1500154037,43847889,0.00008049,47.26482643,buy
1500154037,43847888,0.00008049,47.26482643,buy
1500154037,43847887,0.00008049,47.26482643,buy
1500154037,43847886,0.00008049,47.26482643,buy
1500154037,43847885,0.00008049,47.26482643,buy
1500154037,43847884,0.00008049,47.26482643,buy
1500154037,43847883,0.00008049,47.26482643,buy
1500154036,43847882,0.00008049,47.26482643,buy
1500154036,43847881,0.00008049,47.26482643,buy
1500154036,43847880,0.00008049,47.26482643,buy
1500154036,43847879,0.00008049,47.26482643,buy
1500154036,43847878,0.00008049,47.26482643,buy
1500154036,43847858,0.00008049,23.01226038,buy
1500153889,43847515,0.0000804,2500.343487,sell
1500153889,43847514,0.0000804,2900.62277269,sell
1500153888,43847513,0.0000804,115.60193856,sell
1500153888,43847512,0.0000804,3990.85228875,sell
1500153829,43847371,0.0000804,5.0,sell
1500153790,43847307,0.0000803,2.0,sell
1500153722,43847142,0.0000799,5261.38920876,sell
1500153671,43847034,0.0000802,87.14073711,sell
1500153581,43846725,0.0000806,1.0,sell
1500153575,43846715,0.0000804,1.0,sell
1500153564,43846699,0.0000803,1.0,sell
1500153563,43846698,0.0000803,1.0,sell
1500153552,43846680,0.00008021,1.0,sell
1500153545,43846585,0.0000801,7.14771125,sell
1500153487,43846355,0.0000801,6000.0,sell
1500153450,43846173,0.0000802,2.0,sell
1500153448,43846171,0.0000802,2.0,sell
1500153447,43846170,0.0000802,2.0,sell
1500153405,43846055,0.00008096,37.78025316,buy
1500153342,43845750,0.00008099,31.9046747,buy
1500153342,43845749,0.00008098,121.60018905,buy
1500153341,43845740,0.0000803,0.07227539,sell
1500153341,43845739,0.0000803,403.06396061,sell
1500153341,43845719,0.00008099,69.48442929,sell
1500153340,43845718,0.00008098,69.48442929,buy
1500153340,43845715,0.0000803,87.13623574,buy
1500153340,43845714,0.00008,316.0,buy
1500153338,43845710,0.00007998,492.01869158,buy
1500153338,43845708,0.00007998,645.52363217,buy
1500153333,43845670,0.0000797,19.5073853,sell
1500153333,43845669,0.0000797,116.09477538,sell
1500153333,43845662,0.0000797,7.14056354,sell
1500153332,43845653,0.0000797,135.60216068,sell
1500153331,43845649,0.0000797,7.14056354,sell
1500153326,43845620,0.0000797,477.10313053,sell
1500153322,43845591,0.0000797,477.16907593,sell
1500153305,43845465,0.0000797,37.6437236,sell
1500153290,43845432,0.0000797,146.717534,sell
1500153290,43845422,0.0000797,146.71753964,sell
1500153243,43845232,0.0000797,261.00691681,sell
1500153241,43845229,0.0000797,207.19481561,sell
1500153239,43845226,0.0000797,234.28504077,sell
1500153239,43845215,0.00007969,270.13638995,buy
1500153239,43845214,0.00007968,322.03037704,buy
1500153235,43845201,0.00007909,1.0,sell
1500153208,43845129,0.00007909,1000.16053048,buy
1500153134,43845025,0.00007909,70.43181078,buy
1500153100,43844954,0.00007909,4.83946952,buy
1500153087,43844925,0.00007909,70.41333873,buy
1500153055,43844881,0.00007888,1099.89860015,sell
1500153055,43844880,0.000079,2487.93517684,sell
1500153039,43844864,0.00007909,995.0,buy
1500153039,43844863,0.00007909,5.0,buy
1500152923,43844688,0.000079,12.06482316,sell
1500152873,43844634,0.000079,0.14835443,sell
1500152819,43844558,0.0000796,10.39233668,buy
1500152819,43844557,0.00007959,24.76765294,buy
1500152819,43844556,0.00007959,14.37846431,buy
1500152819,43844555,0.00007958,262.50667563,buy
1500152819,43844554,0.00007909,0.55598727,buy
1500152819,43844550,0.00007909,90.44401273,buy
1500152819,43844549,0.00007909,0.14835443,buy
1500152815,43844543,0.00007909,0.14835443,buy
1500152815,43844542,0.00007909,0.14835443,buy
1500152815,43844541,0.00007909,0.14835443,buy
1500152812,43844530,0.0000791,0.14835443,sell
1500152811,43844519,0.00007909,0.14835443,sell
1500152811,43844518,0.00007909,0.14835443,sell
1500152810,43844517,0.00007909,0.14835443,buy
1500152810,43844516,0.00007909,0.14835443,buy
1500152808,43844515,0.00007909,0.14835443,sell
1500152808,43844514,0.00007909,0.14835443,buy
1500152806,43844506,0.00007909,0.14835443,buy
1500152794,43844470,0.00007906,10.0,buy
1500152790,43844462,0.00007905,10.0,sell
1500152784,43844441,0.00007903,10.0,buy
1500152753,43844376,0.00007972,40.0,buy
1500152739,43844345,0.00007909,116.14579556,buy
1500152737,43844342,0.0000791,123.88966222,buy
1500152689,43844185,0.000079,41.0,sell
1500152689,43844184,0.000079,301.0,sell
1500152613,43844012,0.00007944,24.28212818,buy
1500152503,43843667,0.00007902,18.13320508,sell
1500152503,43843666,0.00007902,6.41453968,sell
1500152501,43843665,0.0000799,59.06265985,sell
1500152500,43843664,0.0000799,0.49241029,sell
1500152500,43843663,0.0000799,19.60825316,sell
1500152497,43843651,0.0000799,24.11171497,sell
1500152493,43843629,0.00007995,16.25278521,sell
1500152493,43843628,0.00007995,38.22307324,sell
1500152490,43843591,0.00007994,0.49241029,buy
1500152490,43843588,0.00007994,14.01253187,sell
1500152490,43843585,0.00007994,17.96184375,sell
1500152490,43843577,0.00007994,17.77013688,sell
1500152490,43843574,0.00007994,13.19373179,sell
1500152490,43843571,0.00007994,101.15194339,sell
1500152490,43843565,0.00007994,28.42695444,sell
1500152489,43843560,0.00007994,70.8037407,sell
1500152486,43843547,0.00008,12.87675826,sell
1500152486,43843545,0.00008,26.36669921,sell
1500152482,43843528,0.00008,66.13697442,sell
1500152481,43843497,0.00008,39.83070321,sell
1500152481,43843496,0.00008,107.50793943,sell
1500152481,43843487,0.00008,36.60074593,sell
1500152480,43843480,0.00008,70.14363602,sell
1500152480,43843468,0.00008,38.65680442,sell
1500152480,43843467,0.00008,72.61388383,sell
1500152479,43843454,0.00008,17.75236674,sell
1500152478,43843443,0.00008,1.16750677,sell
1500152478,43843440,0.00008,0.61201798,sell
1500152475,43843404,0.0000803,0.95747969,buy
1500152475,43843400,0.0000803,36.69628457,buy
1500152452,43843313,0.00007993,19.55109541,sell
1500152449,43843265,0.00007992,2756.89552316,sell
1500152449,43843264,0.00007992,171.95091969,sell
1500152448,43843247,0.0000799,4096.72496173,sell
1500152448,43843246,0.00007991,7313.589,sell
1500152448,43843238,0.00007991,129.0,sell
1500152410,43843103,0.0000802,129.0,sell
1500152298,43842696,0.00008,10.32947198,sell
1500152298,43842695,0.00008,1.17060052,sell
1500152298,43842694,0.00008,159.0,buy
1500152298,43842693,0.00008,297.0,buy
1500152298,43842692,0.00007998,1.17060052,buy
1500152298,43842691,0.00007998,10.32947198,buy
1500152275,43842625,0.00008,494.23491574,buy
1500152275,43842624,0.0000797,300.0,buy
1500152275,43842623,0.00007968,6.56508426,buy
1500152251,43842546,0.0000795,0.68544799,buy
1500152220,43842476,0.000079,0.59863698,sell
1500152213,43842448,0.000079,7807.14072098,buy
1500152213,43842447,0.000079,126.02188582,buy
1500152165,43842355,0.00007874,0.61461,sell
1500152163,43842350,0.000079,3007.12024046,buy
1500152163,43842349,0.000079,212.01634182,buy
1500152081,43842206,0.000079,150.0,buy
1500152073,43842191,0.000079,1.0,buy
1500152036,43842171,0.000079,75.0,buy
1500152029,43842162,0.000079,140.34082348,buy
1500152023,43842149,0.000079,206.51745545,buy
1500152018,43842140,0.000079,214.38983411,buy
1500152016,43842134,0.000079,145.74021718,buy
1500152013,43842130,0.000079,200.91358245,buy
1500152012,43842127,0.000079,54.59030214,buy
1500152012,43842123,0.000079,54.59030214,buy
1500152009,43842116,0.000079,114.45433987,buy
1500152009,43842111,0.000079,119.96358123,buy
1500152007,43842096,0.000079,38.27372488,buy
1500152004,43842079,0.000079,128.41731695,buy
1500152004,43842075,0.000079,274.9822982,buy
1500152003,43842074,0.000079,134.97460007,buy
1500152003,43842072,0.000079,319.06825727,buy
1500152003,43842068,0.000079,313.81289123,buy
1500152003,43842065,0.000079,214.03583428,buy
1500152002,43842063,0.000079,147.91769358,buy
1500152002,43842061,0.000079,472.51120522,buy
1500152001,43842058,0.000079,308.03214031,buy
1500152001,43842055,0.000079,248.11071387,buy
1500152001,43842054,0.000079,112.06106171,buy
1500152000,43842042,0.000079,255.69746088,buy
1500151999,43842040,0.000079,367.90144156,buy
1500151999,43842038,0.000079,333.22442627,buy
1500151999,43842032,0.000079,118.65509672,buy
1500151999,43842030,0.000079,192.2668126,buy
1500151998,43842026,0.000079,8.06448623,buy
1500151998,43842024,0.000079,283.547666,buy
1500151997,43842022,0.000079,136.05059654,buy
1500151997,43842018,0.000079,231.77109673,buy
1500151997,43842017,0.000079,4.90819759,buy
1500151997,43842013,0.000079,160.40808713,buy
1500151997,43842010,0.000079,26.84201793,buy
1500151997,43842009,0.000079,37.6295153,buy
1500151997,43842005,0.000079,0.13775904,buy
1500151996,43842001,0.000079,1.05615259,buy
1500151996,43841997,0.000079,8.09716992,buy
1500151996,43841993,0.000079,62.07830271,buy
1500151996,43841991,0.000079,174.07396446,buy
1500151995,43841976,0.000079,136.05059654,buy
1500151994,43841967,0.000079,101.37022116,buy
1500151994,43841964,0.000079,174.07396446,buy
1500151991,43841959,0.000079,170.01586757,buy
1500151990,43841953,0.000079,154.27793816,buy
1500151990,43841944,0.000079,26.985252,buy
1500151990,43841942,0.000079,67.75853835,buy
1500151990,43841940,0.000079,1.01888379,buy
1500151990,43841935,0.000079,0.11782439,buy
1500151990,43841934,0.000079,0.90332042,buy
1500151989,43841929,0.000079,6.92545651,buy
1500151989,43841927,0.000079,59.88772518,buy
1500151989,43841917,0.000079,201.287649,buy
1500151989,43841916,0.000079,35.41571444,buy
1500151989,43841909,0.000079,55.68597963,buy
1500151989,43841906,0.000079,0.19374887,buy
1500151988,43841905,0.000079,1.48540801,buy
1500151988,43841904,0.000079,87.30898189,buy
1500151988,43841900,0.000079,11.38812808,buy
1500151988,43841888,0.000079,159.43069993,buy
1500151988,43841877,0.000079,151.20438103,buy
1500151987,43841875,0.000079,128.0709699,buy
1500151987,43841869,0.000079,250.11308381,buy
1500151987,43841861,0.000079,101.37650691,buy
1500151986,43841847,0.000079,450.03183849,buy
1500151984,43841837,0.000079,268.68095509,buy
1500151983,43841830,0.000079,170.01586757,buy
1500151983,43841822,0.000079,97.24900941,buy
1500151982,43841812,0.000079,10.90868403,buy
1500151982,43841809,0.000079,178.76896447,buy
1500151982,43841807,0.000079,228.81175614,buy
1500151982,43841804,0.000079,113.84157917,buy
1500151981,43841795,0.000079,159.97501513,buy
1500151980,43841785,0.000079,2.84375944,buy
1500151980,43841780,0.000079,45.4151764,buy
1500151980,43841778,0.000079,21.80215572,buy
1500151980,43841773,0.000079,31.30912975,buy
1500151979,43841763,0.000079,1.63175695,buy
1500151979,43841762,0.000079,0.21283787,buy
1500151979,43841761,0.000079,12.51013663,buy
1500151979,43841760,0.000079,95.91104748,buy
1500151979,43841759,0.000079,45.22769185,buy
1500151978,43841744,0.000079,133.74833494,buy
1500151978,43841743,0.000079,127.50375822,buy
1500151978,43841731,0.000079,121.72406018,buy
1500151977,43841723,0.000079,27.07987246,buy
1500151976,43841716,0.000079,74.29034869,buy
1500151975,43841695,0.000079,309.20735109,buy
1500151974,43841693,0.000079,4.38482129,buy
1500151974,43841691,0.000079,128.71556252,buy
1500151974,43841686,0.000079,101.37650691,buy
1500151974,43841683,0.000079,2.38086463,buy
1500151973,43841679,0.000079,56.21773344,buy
1500151973,43841678,0.000079,0.31054756,buy
1500151973,43841676,0.000079,139.94193229,buy
1500151973,43841673,0.000079,18.25329552,buy
1500151973,43841671,0.000079,122.9857611,buy
1500151973,43841669,0.000079,17.64530326,buy
1500151973,43841666,0.000079,0.64199883,buy
1500151972,43841663,0.000079,0.12027125,buy
1500151972,43841659,0.000079,7.06927707,buy
1500151972,43841658,0.000079,0.92207962,buy
1500151972,43841656,0.000079,37.73526464,buy
1500151972,43841653,0.000079,4.92199104,buy
1500151972,43841652,0.000079,1.2814805,buy
1500151972,43841650,0.000079,54.19779082,buy
1500151972,43841647,0.000079,9.82468381,buy
1500151972,43841644,0.000079,0.16714963,buy
1500151972,43841640,0.000079,252.1486169,buy
1500151972,43841638,0.000079,0.19226894,buy
1500151972,43841634,0.000079,0.18161227,buy
1500151972,43841633,0.000079,10.67476594,buy
1500151972,43841630,0.000079,1.39236078,buy
1500151972,43841628,0.000079,81.83987217,buy
1500151972,43841624,0.000079,101.37650691,buy
1500151971,43841612,0.000079,72.48373448,buy
1500151971,43841610,0.000079,196.59735235,buy
1500151970,43841602,0.000079,162.19610197,buy
1500151969,43841582,0.000079,24.90198749,buy
1500151969,43841579,0.000079,38.4121226,buy
1500151969,43841574,0.000079,49.20224292,buy
1500151969,43841569,0.000079,122.9857611,buy
1500151968,43841565,0.000079,137.51073986,buy
1500151968,43841564,0.000079,5.96409648,buy
1500151967,43841552,0.000079,28.39465048,buy
1500151967,43841547,0.000079,3.70365006,buy
1500151967,43841542,0.000079,217.6923203,buy
1500151959,43841519,0.000079,193.54899265,buy
1500151958,43841515,0.000079,41.00161455,buy
1500151958,43841513,0.000079,25.22244939,buy
1500151958,43841512,0.000079,272.73325042,buy
1500151948,43841491,0.0000787,0.6010299,sell
1500151930,43841449,0.000079,1.0,buy
1500151902,43841397,0.000079,550.0,buy
1500151895,43841352,0.000079,0.60163153,buy
1500151886,43841242,0.000079,267.0583113,buy
1500151886,43841241,0.000079,125.01691543,buy
1500151886,43841240,0.00007899,300.15167198,buy
1500151793,43840861,0.000079,61.83096344,buy
1500151776,43840801,0.000079,209.26556962,buy
1500151774,43840794,0.000079,1.16848294,buy
1500151761,43840742,0.0000789,5.0,sell
1500151757,43840698,0.0000788,427.59456649,sell
1500151757,43840697,0.00007881,184.88910036,sell
1500151755,43840686,0.000079,173.81460163,buy
1500151755,43840685,0.00007899,21.25971807,buy
1500151754,43840659,0.00007899,251.50766076,buy
1500151754,43840656,0.00007899,440.71923795,buy
1500151753,43840653,0.00007899,195.07423264,buy
1500151746,43840588,0.00007899,288.61467316,buy
1500151746,43840587,0.00007879,402.997,buy
1500151715,43840514,0.0000787,5.0,sell
1500151707,43840491,0.0000787,2890.69037286,sell
1500151707,43840486,0.0000787,691.53467181,sell
1500151706,43840483,0.0000787,472.35108263,sell
1500151706,43840479,0.0000787,920.25262755,sell
1500151706,43840478,0.0000787,196.7388078,sell
1500151705,43840474,0.00007868,1900.51,buy
1500151705,43840473,0.00007868,45.96053084,buy
1500151705,43840472,0.00007868,99.49,buy
1500151705,43840471,0.00007868,329.6177217,buy
1500151704,43840469,0.0000781,45.96053084,sell
1500151704,43840468,0.00007811,225.95323681,sell
1500151692,43840435,0.0000787,2000.0,buy
1500151674,43840403,0.00007821,271.908073,sell
1500151672,43840384,0.0000782,3222.265,sell
1500151672,43840380,0.0000776,6799.29005164,buy
1500151671,43840377,0.0000776,35824.7,sell
1500151671,43840376,0.0000776,129.27887676,sell
1500151671,43840375,0.0000776,1707.70846106,sell
1500151671,43840374,0.0000776,4380.62393457,sell
1500151671,43840373,0.0000777,23915.9,sell
1500151671,43840372,0.00007772,3222.265,sell
1500151671,43840371,0.00007792,14.06649257,sell
1500151671,43840370,0.00007803,107.84342783,sell
1500151671,43840369,0.00007803,301.57880891,sell
1500151671,43840368,0.00007803,37.72487113,sell
1500151671,43840367,0.0000781,13027.48373534,sell
1500151671,43840366,0.00007811,168.44871134,sell
1500151671,43840365,0.00007811,316.43054123,sell
1500151671,43840364,0.00007811,41.27358247,sell
1500151671,43840363,0.00007811,5.38350515,sell
1500151670,43840360,0.0000781,17.51626466,sell
1500151670,43840359,0.00007853,168.44871134,sell
1500151665,43840337,0.0000785,10.0,buy
1500151665,43840336,0.0000785,566.73939,buy
1500151661,43840290,0.0000776,16396.3436704,buy
1500151661,43840289,0.0000776,2965.12348711,buy
1500151661,43840288,0.0000776,185.97460114,buy
1500151661,43840287,0.0000776,0.99999631,buy
1500151659,43840286,0.0000776,5000.0,sell
1500151659,43840285,0.0000776,36206.1,sell
1500151659,43840284,0.0000776,360.84716495,sell
1500151659,43840283,0.0000779,150.0,sell
1500151659,43840282,0.000078,24266.5,sell
1500151659,43840281,0.000078,4590.66128205,sell
1500151659,43840280,0.00007801,403.4,sell
1500151659,43840279,0.00007801,1208.68479333,sell
1500151659,43840278,0.0000781,100.0,sell
1500151659,43840277,0.00007811,0.54768427,sell
1500151659,43840276,0.0000782,100.0,sell
1500151659,43840275,0.0000782,560.89910168,sell
1500151659,43840274,0.00007834,7318.157,sell
1500151659,43840273,0.00007844,185.76121876,sell
1500151639,43840243,0.0000784,1398.954848,sell
1500151639,43840242,0.0000783,1397.55589386,sell
1500151638,43840240,0.0000783,3304.01579976,sell
1500151638,43840239,0.0000783,2491.69312224,sell
1500151595,43840160,0.0000782,10.0,sell
1500151540,43840090,0.0000782,228.689773,sell
1500151392,43839818,0.0000785,10.0,buy
1500151378,43839774,0.0000787,4814.65070315,buy
1500151378,43839773,0.0000787,311.33461331,buy
1500151350,43839717,0.00007893,7310.38,buy
1500151346,43839704,0.00007895,6299.07636069,buy
1500151346,43839703,0.00007895,357.85763931,buy
1500151346,43839702,0.00007891,653.446,buy
1500151294,43839631,0.0000782,10.0,sell
1500151269,43839586,0.0000788,14.65133164,buy
1500151269,43839585,0.0000788,360.23260503,buy
1500151103,43839266,0.000078,969.76387997,sell
1500151018,43839094,0.0000778,10.720264,sell
1500150989,43839015,0.0000776,1772.29924659,sell
1500150958,43838985,0.0000776,434.710011,sell
1500150948,43838957,0.0000776,9642.77956263,sell
1500150948,43838956,0.0000777,270.0,sell
1500150948,43838955,0.00007777,436.844,sell
1500150948,43838954,0.000078,2429.30489936,sell
1500150948,43838953,0.000078,432.0,sell
1500150948,43838952,0.000078,160.0,sell
1500150948,43838951,0.000078,7388.02111099,sell
1500150948,43838950,0.000078,373.81167869,sell
1500150934,43838932,0.000078,500.0,sell
1500150932,43838927,0.000079,178.34866836,buy
1500150932,43838926,0.000079,302.98661564,buy
1500150931,43838925,0.0000786,172.76471531,buy
1500150931,43838924,0.0000786,125.166804,buy
1500150930,43838912,0.000078,13383.16721032,sell
1500150930,43838911,0.0000781,23652.9,sell
1500150930,43838910,0.00007811,654.1,sell
1500150929,43838905,0.00007851,125.166804,sell
1500150929,43838896,0.0000786,298.0,sell
1500150840,43838765,0.0000786,7504.805,sell
1500150761,43838601,0.000079,109.21,buy
1500150757,43838584,0.000079,302.20999999,sell
1500150754,43838561,0.000079,126.85,sell
1500150745,43838518,0.000079,9.94,sell
1500150730,43838502,0.0000791,20.0,sell
1500150711,43838490,0.0000799,2523.50123037,buy
1500150710,43838484,0.0000794,2500.0,sell
1500150701,43838469,0.00007988,107.74,buy
1500150698,43838456,0.00007988,107.74,sell
1500150688,43838435,0.0000794,10000.0,sell
1500150687,43838432,0.00007999,0.00071963,sell
1500150686,43838431,0.00007999,999.99928037,sell
1500150686,43838430,0.00008,439.0,sell
1500150686,43838429,0.00008,375.0,sell
1500150686,43838428,0.00008,4034.00071963,sell
1500150681,43838416,0.00008,965.99928037,sell
1500150681,43838415,0.00008003,6950.8221916,sell
1500150681,43838414,0.0000801,6800.0,sell
1500150681,43838413,0.00008011,7659.91311946,sell
1500150680,43838412,0.00008011,7727.0,sell
1500150680,43838411,0.0000803,50.0,sell
1500150662,43838378,0.0000807,717.32000251,sell
1500150661,43838376,0.0000807,10000.0,sell
1500150632,43838312,0.00008169,16.77680204,buy
1500150619,43838290,0.0000807,522.512,sell
1500150619,43838289,0.00008071,633.0,sell
1500150619,43838288,0.0000808,453.0,sell
1500150619,43838287,0.0000809,5624.098,sell
1500150619,43838284,0.0000809,7201.502,sell
1500150617,43838255,0.00008209,120.0,buy
1500150497,43837982,0.0000813,106.59,buy
1500150490,43837970,0.00008139,0.5965966,buy
1500150490,43837969,0.00008101,595.92983924,buy
1500150490,43837968,0.000081,0.07016076,buy
1500150489,43837967,0.000081,675.01642816,sell
1500150488,43837957,0.000081,279.81067488,sell
1500150487,43837956,0.00008101,596.0,sell
1500150291,43837641,0.000081,45.17289696,sell
1500150291,43837640,0.000081,244.0,sell
1500150291,43837639,0.000081,290.0,sell
1500150291,43837638,0.00008101,57.17568315,sell
1500150291,43837637,0.00008122,101.88280851,sell
1500150291,43837636,0.0000813,34.2718327,sell
1500150198,43837401,0.000082,289.49841703,sell
1500150076,43837059,0.000082,0.06444961,sell
1500150076,43837058,0.000082,701.64282017,sell
1500150071,43837040,0.000082,1199.93555039,sell
1500150071,43837039,0.000082,2051.8372609,sell
1500150071,43837038,0.000082,898.1627391,sell
1500150071,43837037,0.000082,329.0,sell
1500150071,43837036,0.000082,734.14634146,sell
1500150071,43837035,0.000082,286.32740139,sell
1500150071,43837034,0.000082,71.00258205,sell
1500150062,43836995,0.00008289,250.0,buy
1500149975,43836854,0.0000828,1000.1365094,buy
1500149975,43836853,0.000082,715.05591128,sell
1500149975,43836852,0.0000821,253.94408872,sell
1500149974,43836839,0.00008239,1000.0,sell
1500149905,43836692,0.0000828,5000.0,buy
1500149750,43836349,0.0000829,207.90613718,buy
1500149726,43836329,0.0000829,2.0,buy
1500149698,43836263,0.000083,900.0,sell
1500149682,43836239,0.000083,200.0,sell
1500149658,43836185,0.0000831,0.5,buy
1500149642,43836155,0.0000832,1.25,buy
1500149616,43836106,0.0000831,5.0,buy
1500149602,43836076,0.0000832,45.59819711,buy
1500149600,43836071,0.0000831,5048.0,buy
1500149598,43836063,0.0000831,10.0,buy
1500149590,43836037,0.0000831,10.0,buy
1500149577,43836030,0.0000831,10.0,buy
1500149471,43835869,0.0000832,1600.0,buy
1500149471,43835868,0.0000832,34.0,buy
1500149431,43835675,0.00008319,329.8223929,buy
1500149350,43835583,0.0000832,450.0,buy
1500149246,43835402,0.0000831,1053.41435036,buy
1500149245,43835397,0.0000831,3374.37437439,buy
1500149243,43835385,0.000083,656.89359317,sell
1500149243,43835384,0.000083,163.80220666,sell
1500149243,43835383,0.000083,245.52603334,sell
1500149243,43835382,0.000083,1446.07685333,sell
1500149155,43835328,0.0000832,4533.6013,buy
1500149124,43835299,0.0000828,5.97052413,sell
1500149124,43835298,0.0000828,0.04632087,sell
1500149113,43835290,0.0000832,942.23993896,buy
1500149113,43835289,0.00008309,120.86006104,buy
1500149113,43835288,0.000083,325.0,buy
1500149100,43835283,0.0000828,99.95367913,sell
1500149100,43835282,0.0000828,0.04632087,sell
1500148936,43835163,0.0000829,514.60735826,buy
1500148924,43835155,0.0000828,470.4,sell
1500148857,43835098,0.0000826,1.0,sell
1500148840,43835082,0.00008268,6.024095,buy
1500148793,43835032,0.0000826,267.39987893,buy
1500148778,43834981,0.0000831,5.0,buy
1500148772,43834974,0.0000831,250.0,buy
1500148772,43834973,0.00008299,500.0,buy
1500148772,43834972,0.0000828,1.0,buy
1500148712,43834867,0.000082,6307.23223343,buy
1500148617,43834809,0.000082,1.0,buy
1500148611,43834803,0.000082,1.0,buy
1500148611,43834802,0.000082,1.0,buy
1500148610,43834800,0.000082,1.0,buy
1500148609,43834799,0.000082,1.0,buy
1500148607,43834797,0.000082,1.0,buy
1500148591,43834789,0.000082,1.0,buy
1500148580,43834788,0.000082,1.0,buy
1500148578,43834782,0.000082,1.0,buy
1500148556,43834769,0.000082,1.0,buy
1500148551,43834766,0.000082,1.0,buy
1500148512,43834723,0.000082,307.0,sell
1500148512,43834722,0.00008229,124.81308166,sell
1500148512,43834721,0.00008229,249.95468491,sell
1500148471,43834702,0.000083,14675.96216867,buy
1500148471,43834701,0.000083,986.934338,buy
1500148471,43834700,0.000083,3591.98051435,buy
1500148471,43834699,0.00008298,4000.0,buy
1500148471,43834698,0.0000825,245.0,buy
1500148399,43834663,0.0000828,2906.0,buy
1500148373,43834644,0.0000828,1.0,buy
1500148326,43834625,0.0000829,750.0,buy
1500148308,43834622,0.00008248,263.9,sell
1500148305,43834618,0.00008229,10995.1271951,sell
1500148305,43834617,0.00008248,4.8728049,sell
1500148289,43834599,0.0000829,3.0,buy
1500148219,43834515,0.0000829,298.0,buy
1500148181,43834321,0.000083,898.16990172,buy
1500148178,43834313,0.000083,1040.0,buy
1500148165,43834251,0.000083,5.0,buy
1500148146,43834166,0.000083,5.0,buy
1500148146,43834165,0.0000826,15.71187,sell
1500148142,43834159,0.000083,4459.84958393,buy
1500148142,43834158,0.000083,540.15041607,buy
1500148140,43834154,0.000083,2.84958393,buy
1500148140,43834153,0.0000828,2.15041607,buy
1500148131,43834150,0.0000826,3583.99504712,sell
1500148130,43834145,0.0000826,2318.639064,sell
1500148129,43834137,0.00008248,260.1271951,sell
1500148129,43834136,0.00008248,0.07396144,sell
1500148126,43834129,0.00008248,4.92603856,sell
1500148126,43834128,0.00008248,457.0,sell
1500148122,43834125,0.0000828,1072.962,buy
1500148086,43834094,0.00008248,43.0,buy
1500148076,43834084,0.00008248,7.0,buy
1500148062,43834076,0.00008229,501.02510329,sell
1500147983,43833901,0.00008229,1949.67817188,sell
1500147982,43833894,0.00008221,140.0709012,buy
1500147982,43833893,0.0000822,147.28554687,buy
1500147673,43833265,0.000082,4.99881562,sell
1500147673,43833261,0.000082,19.92408179,sell
1500147673,43833259,0.000082,0.33903031,sell
1500147673,43833258,0.000082,2.59882514,sell
1500147650,43833229,0.00008247,50.0,buy
1500147517,43833023,0.000082,100.0,sell
1500147414,43832942,0.000082,365.317836,sell
1500147414,43832940,0.000082,23.61251602,sell
1500147375,43832897,0.0000824,0.07240248,sell
1500147375,43832896,0.0000824,485.36449072,sell
1500147180,43832696,0.0000828,803.78710084,buy
1500147180,43832695,0.00008279,127.8492498,buy
1500147180,43832694,0.00008277,1491.03271313,buy
1500147178,43832673,0.00008277,409.8489216,buy
1500147178,43832672,0.00008276,0.25196646,buy
1500147178,43832671,0.00008276,9.37538865,buy
1500147111,43832557,0.0000824,0.1975848,buy
1500146955,43832239,0.0000824,127.6259607,buy
1500146955,43832238,0.00008239,10.25292348,buy
1500146938,43832225,0.00008228,1.78008988,sell
1500146937,43832219,0.00008228,4.26084257,sell
1500146923,43832196,0.00008278,10.0,buy
1500146871,43832098,0.00008268,9.37538865,sell
1500146847,43832076,0.00008268,0.62461135,sell
1500146830,43832037,0.0000828,8121.10048309,buy
1500146830,43832036,0.00008275,25340.72727319,buy
1500146830,43832035,0.00008269,665.0,buy
1500146830,43832034,0.00008269,2553.79653697,buy
1500146830,43832033,0.0000826,10048.4,buy
1500146830,43832032,0.0000826,3490.7464,buy
1500146822,43832009,0.0000822,5.52149732,buy
1500146821,43832005,0.0000822,18.58673965,buy
1500146815,43831998,0.0000823,18.26884589,buy
1500146790,43831919,0.0000826,205.0,buy
1500146786,43831893,0.00008223,0.65523902,sell
1500146780,43831865,0.00008221,12.243309,sell
1500146780,43831864,0.00008221,17.22214111,sell
1500146775,43831853,0.0000822,9.29841849,buy
1500146765,43831833,0.0000824,1200.0,buy
1500146755,43831823,0.0000821,7248.164,buy
1500146598,43831389,0.00008269,34.20346303,buy
1500146597,43831385,0.00008193,238.84829393,sell
1500146597,43831384,0.00008194,242.67203756,sell
1500146597,43831383,0.00008218,30.91366567,sell
1500146597,43831382,0.00008218,0.38151392,sell
1500146597,43831381,0.00008218,22.42454043,sell
1500146597,43831380,0.00008258,191.81753285,sell
1500146597,43831379,0.00008258,2.92494005,sell
1500146597,43831378,0.00008259,8.39847559,sell
1500146583,43831338,0.00008259,17.00381921,sell
1500146505,43830984,0.0000826,55.2143278,buy
1500146505,43830983,0.0000826,40.68950341,buy
1500146477,43830831,0.00008213,146.12111582,sell
1500146477,43830830,0.00008213,137.87888418,sell
1500146471,43830782,0.00008212,93.37864292,sell
1500146471,43830781,0.00008212,191.81753285,sell
1500146471,43830780,0.00008212,137.87888418,sell
1500146471,43830779,0.00008212,2.92494005,sell
1500146463,43830708,0.00008211,234.56097325,sell
1500146463,43830707,0.00008211,30.91366567,sell
1500146463,43830706,0.00008211,137.87888418,sell
1500146463,43830705,0.00008211,0.38151392,sell
1500146463,43830704,0.00008266,18.26496298,sell
1500146463,43830703,0.00008266,9.61009452,sell
1500146462,43830701,0.00008266,27.3392703,sell
1500146462,43830700,0.00008266,1.56061714,sell
1500146462,43830698,0.00008266,19.3938503,sell
1500146460,43830653,0.00008266,19.73503597,sell
1500146456,43830601,0.00008265,0.16365569,sell
1500146455,43830600,0.00008265,0.16365569,sell
1500146455,43830599,0.00008202,433.0,sell
1500146449,43830557,0.000082,242.67204321,buy
1500146449,43830553,0.000082,30.98025261,buy
1500146449,43830552,0.000082,56.04412121,buy
1500146449,43830551,0.00008251,14.39975176,sell
1500146449,43830550,0.00008252,40.68950341,sell
1500146449,43830549,0.00008252,55.2143278,sell
1500146388,43830224,0.00008275,1.92393777,buy
1500146387,43830218,0.00008275,2.98178522,buy
1500146386,43830215,0.00008275,1.85496687,buy
1500146386,43830210,0.00008275,39.97422611,buy
1500146373,43830136,0.00008267,0.78632726,sell
1500146371,43830109,0.00008275,0.27250871,buy
1500146371,43830108,0.00008268,0.78632726,buy
1500146366,43830086,0.00008268,1.05759459,sell
1500146364,43830082,0.00008267,0.78632726,buy
1500146360,43830053,0.00008267,1.77590332,sell
1500146352,43830007,0.00008275,1.05942423,buy
1500146337,43829916,0.00008275,2.8399025,buy
1500146335,43829912,0.00008275,7.14231291,buy
1500146334,43829909,0.00008275,7.60038368,buy
1500146333,43829907,0.00008275,2.19983215,buy
1500146333,43829905,0.00008275,0.82607542,buy
1500146280,43829712,0.00008275,2.37317763,buy
1500146279,43829707,0.00008275,2.37317763,buy
1500146279,43829705,0.00008275,545.0,buy
1500146278,43829703,0.00008275,2.37317763,buy
1500146277,43829702,0.00008275,2.37317763,buy
1500146277,43829694,0.00008275,7.00039655,buy
1500146275,43829684,0.00008275,8.38115288,buy
1500146260,43829609,0.0000826,2.36843365,sell
1500146250,43829550,0.0000826,3.1074182,sell
1500146249,43829548,0.00008275,12.1445011,buy
1500146249,43829544,0.00008275,0.49765841,buy
1500146247,43829533,0.00008275,11.80407272,buy
1500146243,43829499,0.00008275,1.75742137,buy
1500146240,43829471,0.00008275,1.30847183,buy
1500146240,43829470,0.00008275,0.17067024,buy
1500146240,43829468,0.00008275,76.90906615,buy
1500146240,43829467,0.00008275,10.03161732,buy
1500146240,43829463,0.00008275,0.17014777,buy
1500146240,43829462,0.00008275,1.3044662,buy
1500146240,43829460,0.00008275,2.73016179,buy
1500146240,43829459,0.00008275,0.35610806,buy
1500146240,43829458,0.00008275,0.43296679,buy
1500146240,43829457,0.00008275,1.08913057,buy
1500146240,43829456,0.00008275,0.14206051,buy
1500146240,43829455,0.00008275,0.22602188,buy
1500146240,43829454,0.00008275,1.73283442,buy
1500146240,43829453,0.00008275,7.1145316,buy
1500146240,43829452,0.00008275,0.92798238,buy
1500146240,43829451,0.00008275,0.12104118,buy
1500146240,43829450,0.00008275,0.13863493,buy
1500146240,43829449,0.00008275,1.06286788,buy
1500146240,43829448,0.00008275,1.45031769,buy
1500146240,43829447,0.00008275,8.14865373,buy
1500146240,43829446,0.00008275,0.18917187,buy
1500146240,43829445,0.00008275,2.10223605,buy
1500146240,43829444,0.00008275,16.11714297,buy
1500146240,43829443,0.00008275,0.2742047,buy
1500146240,43829442,0.00008275,116.82946449,buy
1500146239,43829438,0.00008275,0.25925829,buy
1500146239,43829437,0.00008275,1.98764685,buy
1500146239,43829436,0.00008275,0.10521202,buy
1500146239,43829435,0.00008275,15.23862581,buy
1500146239,43829434,0.00008275,0.3825377,buy
1500146239,43829433,0.00008275,0.80662551,buy
1500146239,43829432,0.00008275,6.18412886,buy
1500146239,43829431,0.00008275,2.93278897,buy
1500146239,43829425,0.00008275,0.15894742,buy
1500146239,43829424,0.00008275,9.34257601,buy
1500146239,43829423,0.00008275,1.21859688,buy
1500146239,43829422,0.00008275,71.6264161,buy
1500146239,43829421,0.00008275,0.18770015,buy
1500146239,43829420,0.00008275,11.03259778,buy
1500146239,43829419,0.00008275,1.43903449,buy
1500146239,43829416,0.00008275,134.33810237,buy
1500146239,43829414,0.00008275,2779.8365818,buy
1500146239,43829413,0.00008274,3.1074182,buy
1500146236,43829400,0.00008275,121.46419465,buy
1500146235,43829394,0.00008275,2655.15423605,buy
1500146235,43829391,0.00008274,100.0,sell
1500146235,43829390,0.00008274,1071.50718479,sell
1500146234,43829367,0.00008275,7217.056,buy
1500146234,43829364,0.00008275,5133.212,buy
1500146233,43829356,0.00008275,12.66732471,buy
1500146232,43829348,0.00008275,24.25457035,buy
1500146225,43829280,0.00008275,6.22787823,buy
1500146224,43829273,0.00008275,3.38401763,buy
1500146223,43829271,0.00008275,6.18985472,buy
1500146223,43829259,0.00008275,10.47065378,buy
1500146223,43829258,0.00008275,0.58111777,buy
1500146222,43829246,0.00008275,0.34784811,buy
1500146222,43829241,0.00008275,6.14532014,buy
1500146222,43829236,0.00008275,6.09358964,buy
1500146222,43829229,0.00008275,20.44557977,buy
1500146222,43829219,0.00008275,2.66680742,buy
1500146216,43829185,0.00008275,298.81171498,buy
1500146212,43829137,0.00008275,6.13878798,buy
1500146210,43829130,0.00008274,0.91300414,sell
1500146209,43829126,0.00008274,4.61694355,sell
1500146208,43829114,0.00008274,6.13243707,sell
1500146208,43829108,0.00008274,6.13283571,sell
1500146202,43829080,0.00008275,6.14556246,buy
1500146198,43829067,0.00008275,3.73497378,buy
1500146198,43829064,0.00008275,13.92836895,buy
1500146195,43829042,0.00008275,51159.548309,buy
1500146195,43829041,0.00008275,2.70547359,buy
1500146195,43829037,0.00008275,0.2125962,buy
1500146195,43829035,0.00008275,0.20935576,buy
1500146195,43829032,0.00008275,1.60504679,buy
1500146195,43829030,0.00008275,0.42960548,buy
1500146194,43829025,0.00008275,3.29348398,buy
1500146194,43829023,0.00008275,2.47449849,buy
1500146194,43829019,0.00008275,0.3227625,buy
1500146194,43829014,0.00008275,18.97119728,buy
1500146193,43829007,0.00008275,0.58735398,buy
1500146188,43828965,0.00008275,0.66843476,buy
1500146187,43828960,0.00008275,3960.21358875,buy
1500146187,43828959,0.00008275,3039.78641125,buy
1500146168,43828806,0.00008274,5.38397124,sell
1500146165,43828770,0.00008274,9.860846,sell
1500146165,43828759,0.00008275,1.36744864,buy
1500146160,43828682,0.00008274,3.07784541,sell
1500146160,43828680,0.00008274,0.3423809,sell
1500146158,43828667,0.00008275,3000.19818841,buy
1500146157,43828645,0.00008275,0.31913948,buy
1500146156,43828622,0.00008275,3.06592256,buy
1500146141,43828467,0.00008275,41.72027367,buy
1500146140,43828461,0.00008274,69.50184508,sell
1500146129,43828344,0.00008275,24.16396757,buy
1500146129,43828343,0.00008275,67.77478908,buy
1500146128,43828337,0.00008275,5000.0,buy
1500146115,43828217,0.00008275,4.05606108,buy
1500146096,43828093,0.00008274,28.93774856,sell
1500146014,43827881,0.00008275,6500.0,buy
1500145938,43827642,0.00008275,0.72457394,buy
1500145938,43827638,0.00008275,5.55505295,buy
1500145938,43827637,0.00008275,0.44221757,buy
1500145938,43827634,0.00008275,0.25284699,buy
1500145937,43827613,0.00008275,3.01689765,buy
1500145937,43827611,0.00008275,0.75288034,buy
1500145937,43827601,0.00008275,0.5770648,buy
1500145936,43827600,0.00008275,0.37635121,buy
1500145936,43827588,0.00008275,9.60317247,buy
1500145936,43827587,0.00008275,1.25258544,buy
1500145932,43827535,0.00008275,2.92937967,buy
1500145932,43827532,0.00008275,0.38208617,buy
1500145931,43827530,0.00008275,22.45856704,buy
1500145931,43827526,0.00008275,9.00963786,buy
1500145931,43827522,0.00008275,2.08103577,buy
1500145929,43827500,0.00008275,1.8786992,buy
1500145929,43827499,0.00008275,1.01728981,buy
1500145928,43827477,0.00008275,23.90755684,buy
1500145927,43827463,0.00008275,54.08348441,buy
1500145926,43827453,0.00008275,3.00163339,buy
1500145925,43827438,0.00008275,1892.76312753,buy
1500145925,43827436,0.00008275,1914.54735411,buy
1500145920,43827368,0.00008275,32.88466683,buy
1500145918,43827336,0.00008275,0.62013784,buy
1500145917,43827320,0.00008275,29.17957154,buy
1500145911,43827275,0.00008275,105.65629688,buy
1500145911,43827270,0.00008275,0.35634202,buy
1500145910,43827267,0.00008275,41.36171172,buy
1500145910,43827263,0.00008275,4.64805364,buy
1500145910,43827259,0.00008275,0.70369835,buy
1500145910,43827252,0.00008275,2000.0,buy
1500145903,43827182,0.00008275,1.10940375,buy
1500145903,43827178,0.00008275,18.66832716,buy
1500145903,43827175,0.00008275,8.50542874,buy
1500145903,43827174,0.00008275,1.75613846,buy
1500145902,43827164,0.00008275,32.45719675,buy
1500145901,43827163,0.00008275,0.64693132,buy
1500145901,43827157,0.00008275,11.65642025,buy
1500145900,43827152,0.00008275,2.10671376,buy
1500145900,43827144,0.00008275,12.91397038,buy
1500145900,43827143,0.00008275,1.57113676,buy
1500145900,43827142,0.00008275,3.57245888,buy
1500145899,43827137,0.00008275,18.89745799,buy
1500145899,43827135,0.00008275,8.96308724,buy
1500145898,43827119,0.00008275,34.54893735,buy
1500145898,43827103,0.00008275,0.44296244,buy
1500145898,43827095,0.00008275,12.60045346,buy
1500145897,43827085,0.00008275,1.89902761,buy
1500145896,43827076,0.00008275,4312.4185404,buy
1500145896,43827071,0.00008275,1.56954922,buy
1500145896,43827066,0.00008275,28.28023944,buy
1500145896,43827056,0.00008275,13.50165236,buy
1500145895,43827038,0.00008275,1.12739434,buy
1500145894,43827034,0.00008275,3.863553,buy
1500145894,43827028,0.00008275,25.36510698,buy
1500145892,43827016,0.00008275,2.53806015,buy
1500145892,43827012,0.00008275,3.64538371,buy
1500145892,43827008,0.00008275,1.16999791,buy
1500145892,43826997,0.00008275,5.45023137,buy
1500145892,43826992,0.00008275,3.30810115,buy
1500145892,43826987,0.00008275,2.00749332,buy
1500145892,43826986,0.00008275,20.99993431,buy
1500145892,43826979,0.00008275,1.28467774,buy
1500145891,43826972,0.00008275,6.83299991,buy
1500145891,43826969,0.00008275,0.38860816,buy
1500145891,43826968,0.00008275,0.35728145,buy
1500145891,43826964,0.00008275,2.73911596,buy
1500145891,43826949,0.00008275,22.53626129,buy
1500145891,43826945,0.00008275,0.38342016,buy
1500145891,43826940,0.00008275,2.93951279,buy
1500145891,43826938,0.00008275,0.5981886,buy
1500145891,43826937,0.00008275,0.11909381,buy
1500145891,43826935,0.00008275,4.58611609,buy
1500145889,43826916,0.00008275,2.6492883,buy
1500145889,43826912,0.00008274,3.02493762,sell
1500145889,43826908,0.00008275,0.49606036,buy
1500145888,43826897,0.00008275,3.80313648,buy
1500145886,43826847,0.00008275,38.29704817,buy
1500145886,43826830,0.00008275,11.40492857,buy
1500145885,43826821,0.00008275,25.90073093,buy
1500145885,43826814,0.00008275,0.40565318,buy
1500145885,43826813,0.00008275,25.8985658,buy
1500145884,43826802,0.00008275,0.81112857,buy
1500145879,43826757,0.00008275,2.87014563,buy
1500145879,43826754,0.00008275,35.18746222,buy
1500145879,43826750,0.00008275,0.81114751,buy
1500145878,43826743,0.00008275,73.91563784,buy
1500145878,43826732,0.00008275,0.81114751,buy
1500145878,43826730,0.00008275,30.33859148,buy
1500145878,43826722,0.00008275,190.50681879,buy
1500145878,43826711,0.00008275,50.44617398,buy
1500145875,43826706,0.00008275,0.46595743,buy
1500145875,43826701,0.00008275,0.52126611,buy
1500145875,43826695,0.00008275,14.92742048,buy
1500145875,43826693,0.00008275,3.99637349,buy
1500145875,43826688,0.00008275,0.43672518,buy
1500145874,43826683,0.00008275,20.80688416,buy
1500145874,43826679,0.00008275,1.94705484,buy
1500145873,43826662,0.00008275,27.39381809,buy
1500145873,43826659,0.00008275,1.70714386,buy
1500145871,43826650,0.00008275,4359.10131292,buy
1500145871,43826649,0.00008275,2702.41468708,buy
1500145871,43826648,0.00008275,0.80346204,buy
1500145871,43826640,0.00008275,0.61470203,buy
1500145871,43826638,0.00008275,4.7127156,buy
1500145871,43826636,0.00008275,6.15987565,buy
1500145871,43826634,0.00008275,2000.0,buy
1500145870,43826625,0.00008275,82.74183085,buy
1500145870,43826623,0.00008275,59.93759225,buy
1500145870,43826619,0.00008275,44.55819897,buy
1500145870,43826611,0.00008275,0.50125881,buy
1500145870,43826599,0.00008275,3.84304348,buy
1500145869,43826590,0.00008275,2.09012308,buy
1500145869,43826586,0.00008275,1.59669821,buy
1500145869,43826584,0.00008275,34.63955266,buy
1500145869,43826579,0.00008275,0.44252314,buy
1500145869,43826578,0.00008275,29.91216841,buy
1500145869,43826576,0.00008275,0.20826862,buy
1500145869,43826575,0.00008275,3.39271582,buy
1500145869,43826572,0.00008275,0.13512567,buy
1500145869,43826568,0.00008275,19.44213526,buy
1500145868,43826565,0.00008275,25.58637834,buy
1500145868,43826556,0.00008275,25.30367066,buy
1500145866,43826545,0.00008275,1455.13222,buy
1500145866,43826544,0.00008275,0.5857,buy
1500145865,43826539,0.00008275,5.42573481,buy
1500145865,43826532,0.00008275,55.04412469,buy
1500145865,43826521,0.00008275,23.43164054,buy
1500145864,43826514,0.00008275,34.37853648,buy
1500145864,43826503,0.00008275,26.20539032,buy
1500145863,43826486,0.00008275,0.84392723,buy
1500145862,43826462,0.00008275,15.51021251,buy
1500145860,43826439,0.00008275,23.02190384,buy
1500145860,43826426,0.00008275,6.33096367,buy
1500145860,43826419,0.00008275,21.55765853,buy
1500145859,43826407,0.00008275,12.65853845,buy
1500145859,43826390,0.00008275,7.04067592,buy
1500145858,43826370,0.00008274,0.11257377,sell
1500145858,43826364,0.00008275,10.60642483,buy
1500145858,43826362,0.00008275,0.5886473,buy
1500145856,43826358,0.00008275,28.42695379,buy
1500145855,43826348,0.00008275,34.74759534,buy
1500145855,43826343,0.00008275,67.04072809,buy
1500145855,43826342,0.00008275,52.92560802,buy
1500145855,43826335,0.00008275,27.65116845,buy
1500145854,43826331,0.00008275,1704.0,buy
1500145849,43826323,0.00008275,49.72396354,buy
1500145848,43826320,0.00008275,6.6907433,buy
1500145848,43826316,0.00008275,13.52168835,buy
1500145848,43826308,0.00008275,51.25519269,buy
1500145845,43826301,0.00008275,88.46937563,buy
1500145845,43826298,0.00008275,718.89772063,buy
1500145843,43826296,0.00008275,193.90936555,buy
1500145841,43826290,0.00008275,1.12613657,buy
1500145841,43826289,0.00008275,114.2147343,buy
1500145831,43826271,0.00008275,100.0,buy
1500145806,43826244,0.00008275,99.36068066,buy
1500145804,43826234,0.00008275,200.73868,buy
1500145800,43826226,0.00008275,300.0,buy
1500145796,43826218,0.00008275,27.31298397,buy
1500145795,43826205,0.00008275,2.30661768,buy
1500145794,43826201,0.00008275,100.0,buy
1500145794,43826198,0.00008275,30.0086621,buy
1500145780,43826155,0.00008275,26.0,buy
1500145763,43826113,0.00008275,83.76796049,buy
1500145748,43826074,0.00008274,27.79072266,sell
1500145747,43826071,0.00008275,39.21984573,buy
1500145746,43826068,0.00008275,39.21984573,buy
1500145744,43826056,0.00008275,193.38164251,buy
1500145743,43826045,0.00008275,4709.232,buy
1500145740,43826033,0.00008275,9.38321932,buy
1500145739,43826020,0.00008275,50.65998856,buy
1500145737,43826010,0.00008275,75.96636609,buy
1500145734,43825989,0.00008275,10.49346759,buy
1500145734,43825986,0.00008275,114.39604615,buy
1500145731,43825978,0.00008275,9.27742477,buy
1500145728,43825970,0.00008275,52.82528837,buy
1500145727,43825962,0.00008275,894.0,buy
1500145726,43825961,0.00008275,6952.638,buy
1500145724,43825958,0.00008275,80.4740318,buy
1500145722,43825941,0.00008275,133.98509697,buy
1500145721,43825938,0.00008275,23.54221312,buy
1500145720,43825936,0.00008275,19.71261092,buy
1500145712,43825913,0.00008275,400.0,buy
1500145703,43825901,0.00008275,4.51203539,buy
1500145701,43825893,0.00008275,954.892113,buy
1500145700,43825892,0.00008275,45.15304019,buy
1500145699,43825889,0.00008275,29.68994427,buy
1500145699,43825877,0.00008275,39.11831288,buy
1500145699,43825871,0.00008275,8.75276797,buy
1500145698,43825868,0.00008275,7.33516873,buy
1500145698,43825865,0.00008275,1.93478815,buy
1500145697,43825861,0.00008275,1.29823347,buy
1500145697,43825858,0.00008275,4.60067595,buy
1500145697,43825851,0.00008275,3.05263413,buy
1500145697,43825849,0.00008275,23.40350402,buy
1500145696,43825839,0.00008275,13.58914216,buy
1500145696,43825837,0.00008275,6.84889861,buy
1500145695,43825829,0.00008275,24.68465686,buy
1500145695,43825828,0.00008275,4.51570817,buy
1500145694,43825819,0.00008275,29.69981868,buy
1500145690,43825786,0.00008275,43.7563194,buy
1500145689,43825783,0.00008275,1.67779402,buy
1500145689,43825770,0.00008275,1.13110885,buy
1500145689,43825769,0.00008275,1.43276577,buy
1500145688,43825761,0.00008275,1.84898747,buy
1500145686,43825754,0.00008275,27.26339467,buy
1500145686,43825752,0.00008275,3.5560895,buy
1500145686,43825746,0.00008275,17.28653136,buy
1500145686,43825742,0.00008275,2.25477041,buy
1500145686,43825734,0.00008275,2.79023236,buy
1500145686,43825732,0.00008275,56.97446749,buy
1500145686,43825728,0.00008275,7.33516873,buy
1500145686,43825724,0.00008275,1.29823347,buy
1500145686,43825720,0.00008275,2.39830848,buy
1500145686,43825719,0.00008275,7.33598458,buy
1500145686,43825716,0.00008275,1.75979785,buy
1500145686,43825711,0.00008275,66.93003021,buy
1500145683,43825683,0.00008275,58.00930235,buy
1500145681,43825673,0.00008275,96.65862812,buy
1500145679,43825665,0.00008275,3.6170903,buy
1500145678,43825657,0.00008275,10.0,buy
1500145678,43825655,0.00008275,100.0,buy
1500145678,43825646,0.00008275,22.21152208,buy
1500145675,43825640,0.00008275,150.33095378,buy
1500145674,43825639,0.00008275,90.81976229,buy
1500145674,43825633,0.00008275,87.92649447,buy
1500145673,43825623,0.00008275,93.74953823,buy
1500145673,43825622,0.00008275,3.59133816,buy
1500145671,43825610,0.00008275,174.79721494,buy
1500145671,43825605,0.00008275,126.59007413,buy
1500145669,43825600,0.00008275,145.32946547,buy
1500145669,43825596,0.00008275,113.22371367,buy
1500145669,43825593,0.00008275,46.66507448,buy
1500145659,43825562,0.00008275,15.78416694,buy
1500145639,43825528,0.00008275,2.9175684,buy
1500145639,43825522,0.00008275,18.41493116,buy
1500145639,43825519,0.00008275,26.24925633,buy
1500145638,43825514,0.00008275,1.63364375,buy
1500145638,43825511,0.00008275,12.52457774,buy
1500145638,43825509,0.00008275,56.23632849,buy
1500145638,43825500,0.00008275,1.75822637,buy
1500145638,43825495,0.00008275,1.93479148,buy
1500145637,43825492,0.00008275,0.95601035,buy
1500145637,43825489,0.00008275,7.32942665,buy
1500145637,43825488,0.00008275,5.34596685,buy
1500145637,43825486,0.00008275,3.16208303,buy
1500145637,43825483,0.00008275,56.97446901,buy
1500145637,43825478,0.00008275,2.93993843,buy
1500145637,43825471,0.00008275,3.1283517,buy
1500145636,43825469,0.00008275,106.77800649,buy
1500145625,43825443,0.00008275,1.70411419,buy
1500145622,43825428,0.00008275,194.4670918,buy
1500145622,43825427,0.00008275,13.47745722,buy
1500145622,43825421,0.00008275,155.82430401,buy
1500145622,43825419,0.00008275,2.98977892,buy
1500145621,43825415,0.00008275,196.99863443,buy
1500145617,43825402,0.00008275,141.2421902,buy
1500145615,43825398,0.00008275,129.58523332,buy
1500145611,43825392,0.00008275,116.34904546,buy
1500145605,43825383,0.00008275,116.81173655,buy
1500145601,43825367,0.00008275,104.77779751,buy
1500145595,43825362,0.00008275,105.39371584,buy
1500145580,43825347,0.00008275,113.88940669,buy
1500145579,43825345,0.00008275,108.60776807,buy
1500145579,43825342,0.00008275,113.70947518,buy
1500145576,43825339,0.00008275,100.0,buy
1500145574,43825335,0.00008274,100.0,sell
1500145568,43825328,0.00008274,62.6647235,sell
1500145568,43825327,0.00008274,37.3352765,sell
1500145564,43825320,0.00008275,148.74888027,buy
1500145557,43825295,0.00008275,33.79038296,buy
1500145555,43825282,0.00008275,30.3995961,buy
1500145546,43825260,0.00008275,2537.5,buy
1500145536,43825235,0.00008275,46.76676216,buy
1500145535,43825231,0.00008275,1.29821991,buy
1500145535,43825229,0.00008275,3.12831901,buy
1500145535,43825224,0.00008275,23.98380701,buy
1500145534,43825213,0.00008275,12.87483173,buy
1500145533,43825211,0.00008275,24.03453743,buy
1500145533,43825209,0.00008275,46.72049541,buy
1500145533,43825206,0.00008275,1.33391683,buy
1500145532,43825196,0.00008275,36.16427946,buy
1500145527,43825181,0.00008275,2015.55542867,buy
1500145526,43825169,0.00008275,2595.59723148,buy
1500145526,43825167,0.00008275,100.0,buy
1500145510,43825123,0.00008275,2.03087808,buy
1500145507,43825096,0.00008275,0.72386387,buy
1500145506,43825087,0.00008275,0.31520315,buy
1500145506,43825080,0.00008275,573.38164251,buy
1500145505,43825078,0.00008275,0.54911901,buy
1500145505,43825066,0.00008275,42.95426107,buy
1500145505,43825064,0.00008275,2.15034149,buy
1500145504,43825062,0.00008275,42.97533646,buy
1500145504,43825059,0.00008275,1498.79227053,buy
1500145504,43825051,0.00008275,0.11934395,buy
1500145502,43825029,0.00008275,0.82553573,buy
1500145502,43825023,0.00008275,2.38513117,buy
1500145501,43825012,0.00008275,0.64652692,buy
1500145501,43825008,0.00008275,0.66881539,buy
1500145500,43824997,0.00008275,49.35532833,buy
1500145500,43824995,0.00008275,2.73922072,buy
1500145490,43824983,0.00008275,1000.0,buy
1500145485,43824973,0.00008275,550.0,buy
1500145472,43824954,0.00008275,10000.0,buy
1500145457,43824894,0.00008275,108.45514702,buy
1500145453,43824841,0.00008275,112.73794562,buy
1500145447,43824817,0.00008275,2.31572067,buy
1500145447,43824815,0.00008275,17.75385868,buy
1500145446,43824811,0.00008275,0.42395361,buy
1500145446,43824809,0.00008275,3.25031095,buy
1500145446,43824808,0.00008275,16.74702131,buy
1500145446,43824807,0.00008275,24.91905048,buy
1500145446,43824806,0.00008275,2.18439406,buy
1500145445,43824803,0.00008275,119.55763218,buy
1500145445,43824801,0.00008275,0.8099655,buy
1500145445,43824798,0.00008275,6.20973547,buy
1500145445,43824797,0.00008275,47.6079721,buy
1500145445,43824796,0.00008275,137.46704226,buy
1500145438,43824778,0.00008275,77.02167221,buy
1500145431,43824763,0.00008275,120.01119846,buy
1500145426,43824753,0.00008275,2188.18707729,buy
1500145416,43824726,0.00008275,105.448162,buy
1500145413,43824716,0.00008275,22.53309714,buy
1500145413,43824712,0.00008275,6.14849662,buy
1500145412,43824709,0.00008275,115.99841343,buy
1500145411,43824706,0.00008275,104.77000029,buy
1500145410,43824699,0.00008275,184.47171754,buy
1500145408,43824690,0.00008275,125.19336826,buy
1500145408,43824686,0.00008275,106.16802831,buy
1500145405,43824685,0.00008275,113.87754357,buy
1500145402,43824678,0.00008275,120.06328688,buy
1500145399,43824674,0.00008275,72.11943267,buy
1500145397,43824666,0.00008275,72.11943267,buy
1500145373,43824621,0.00008275,104.59444711,buy
1500145372,43824615,0.00008275,881.19088285,buy
1500145372,43824613,0.00008275,0.64318364,buy
1500145372,43824610,0.00008275,252.4511314,buy
1500145372,43824608,0.00008275,893.84400626,buy
1500145357,43824594,0.00008275,590.07512077,buy
1500145322,43824563,0.00008274,161.77760193,sell
1500145308,43824549,0.00008274,125.62520254,sell
1500145302,43824527,0.00008274,42.8474936,sell
1500145299,43824520,0.00008274,452.41442543,sell
1500145297,43824515,0.00008275,10.0,buy
1500145280,43824490,0.00008275,43.0,buy
1500145251,43824436,0.00008275,237.51526318,buy
1500145241,43824422,0.00008275,18517.5156524,buy
1500145241,43824421,0.00008274,12.69478707,buy
1500145241,43824420,0.00008274,1778.78956053,buy
1500145216,43824379,0.00008274,400.0,buy
1500145197,43824364,0.00008274,9.46884194,buy
1500145196,43824355,0.00008274,9.76412495,buy
1500145187,43824321,0.00008251,14.545455,sell
1500145187,43824320,0.00008274,184.72792567,buy
1500145187,43824319,0.00008274,156.77536995,buy
1500145187,43824318,0.00008274,69.35311691,buy
1500145185,43824309,0.00008274,23.66944317,buy
1500145184,43824306,0.00008274,3.08731868,buy
1500145184,43824303,0.00008274,0.40269373,buy
1500145184,43824301,0.00008274,25.4615337,buy
1500145184,43824296,0.00008274,124.45260606,buy
1500145184,43824295,0.00008274,0.13018181,buy
1500145184,43824294,0.00008251,0.49761516,sell
1500145184,43824291,0.00008274,0.43318299,buy
1500145184,43824289,0.00008274,3.32106961,buy
1500145181,43824264,0.00008274,4.5630303,buy
1500145175,43824219,0.0000825,38.42972175,buy
1500145175,43824218,0.0000825,0.99830303,buy
1500145175,43824217,0.0000825,7.65296969,buy
1500145175,43824216,0.0000825,0.12060606,buy
1500145175,43824215,0.0000825,7.08812121,buy
1500145175,43824214,0.0000825,0.92460606,buy
1500145175,43824212,0.0000825,131.52448484,buy
1500145175,43824209,0.0000825,54.34218181,buy
1500145174,43824205,0.0000825,17.47551515,buy
1500145174,43824204,0.0000825,7.69473698,buy
1500145174,43824203,0.0000825,0.29733333,buy
1500145174,43824202,0.0000825,8.86012121,buy
1500145174,43824201,0.0000825,2.27939393,buy
1500145174,43824200,0.0000825,9.97115151,buy
1500145174,43824199,0.0000825,175.92036363,buy
1500145174,43824198,0.0000825,0.15078787,buy
1500145174,43824197,0.0000825,1.15563636,buy
1500145174,43824195,0.0000825,0.59527272,buy
1500145174,43824194,0.0000825,4.5630303,buy
1500145174,43824190,0.0000825,34.98327272,buy
1500145173,43824182,0.0000825,1.30060606,buy
1500145173,43824181,0.0000825,0.16969696,buy
1500145173,43824180,0.0000825,76.44581818,buy
1500145173,43824177,0.0000825,247.51153809,buy
1500145173,43824176,0.0000825,225.67984343,buy
1500145172,43824173,0.0000825,1340.00829876,buy
1500145171,43824167,0.0000825,201.76627083,buy
1500145171,43824163,0.0000825,1055.36003,buy
1500145168,43824147,0.0000825,1000.0,buy
1500145162,43824134,0.0000825,118.39442424,buy
1500145162,43824130,0.0000825,3868.32375721,buy
1500145162,43824129,0.0000825,13.40021279,buy
1500145158,43824119,0.00008209,14.39975176,buy
1500145158,43824115,0.00008209,3.23800324,buy
1500145149,43824076,0.0000825,1000.0,buy
1500145148,43824066,0.0000825,118.16828289,buy
1500145146,43824057,0.00008195,6.699145,sell
1500145146,43824055,0.0000825,241.84382319,buy
1500145139,43824015,0.00008221,123.9275291,buy
1500145125,43823995,0.00008199,11.99,buy
1500145125,43823994,0.00008199,50.0,buy
1500145125,43823993,0.00008199,50.0,buy
1500145123,43823989,0.00008181,6.09756,sell
1500145123,43823988,0.0000821,13.12685552,buy
1500145122,43823986,0.0000821,41.16189526,buy
1500145122,43823985,0.000082,13.12685552,buy
1500145115,43823974,0.0000821,195.71124922,buy
1500145108,43823947,0.000082,10.0,buy
1500145108,43823946,0.000082,92.04771017,buy
1500145108,43823942,0.000082,1.16134085,buy
1500145086,43823910,0.000082,8.20363055,buy
1500145086,43823904,0.000082,47.35863257,buy
1500145053,43823838,0.000082,397.3221652,buy
1500145053,43823837,0.000082,221.5109978,buy
1500145052,43823829,0.000082,414.52332364,buy
1500145052,43823828,0.000082,17.07511231,buy
1500144971,43823681,0.0000817,718.23745786,sell
1500144971,43823678,0.0000817,130.34506663,sell
1500144966,43823664,0.000082,500.0,buy
1500144947,43823584,0.000082,4.71966896,buy
1500144860,43823484,0.000082,4249.05442424,buy
1500144774,43823402,0.000082,59.88414634,buy
1500144774,43823401,0.00008179,50.0,buy
1500144733,43823329,0.0000817,12.837755,sell
1500144722,43823314,0.000082,4550.30743902,buy
1500144722,43823313,0.000082,529.0,buy
1500144722,43823312,0.0000819,1.9884878,buy
1500144722,43823311,0.00008179,50.0,buy
1500144722,43823310,0.00008179,50.0,buy
1500144722,43823309,0.00008179,50.0,buy
1500144722,43823308,0.00008179,6821.6182324,buy
1500144722,43823307,0.00008178,37.02970051,buy
1500144678,43823187,0.00008178,1.1637101,buy
1500144677,43823183,0.00008178,8.92172087,buy
1500144677,43823181,0.00008178,2.88486852,buy
1500144661,43823132,0.0000817,0.02076571,sell
1500144661,43823131,0.00008178,1.0,sell
1500144642,43823079,0.00008179,200.0,buy
1500144627,43823045,0.00008179,102.26348874,buy
1500144624,43823024,0.00008179,115.08868545,buy
1500144621,43823015,0.00008179,181.98862941,buy
1500144614,43822984,0.00008179,134.65154664,buy
1500144606,43822939,0.00008179,147.83219384,buy
1500144606,43822931,0.00008179,147.98048852,buy
1500144605,43822929,0.00008179,160.6695195,buy
1500144599,43822908,0.00008179,76.45827086,buy
1500144599,43822907,0.00008178,50.0,buy
1500144599,43822906,0.00008178,6.8,buy
1500144599,43822905,0.00008178,2.9194254,buy
1500144582,43822787,0.0000817,39.27334721,sell
1500144581,43822765,0.0000817,1.36204933,sell
1500144581,43822764,0.0000817,10.44237825,sell
1500144580,43822756,0.0000817,5.71642633,sell
1500144567,43822662,0.00008178,0.5097801,buy
1500144567,43822659,0.00008178,0.32682419,buy
1500144567,43822653,0.00008178,2.50568392,buy
1500144566,43822648,0.00008178,4.74002013,buy
1500144566,43822641,0.00008178,0.61826626,buy
1500144558,43822563,0.00008178,2.1108251,buy
1500144557,43822562,0.00008178,16.18301357,buy
1500144557,43822559,0.00008178,0.3739001,buy
1500144557,43822551,0.00008178,2.86657455,buy
1500144557,43822548,0.00008178,21.97709981,buy
1500144557,43822529,0.00008178,1.90653702,buy
1500144556,43822527,0.00008178,0.24868104,buy
1500144556,43822513,0.00008178,0.28627851,buy
1500144556,43822511,0.00008178,2.19481608,buy
1500144556,43822504,0.00008178,0.15051691,buy
1500144556,43822501,0.00008178,1.15398418,buy
1500144555,43822490,0.00008179,4.11457359,buy
1500144555,43822489,0.00008179,0.53668488,buy
1500144555,43822487,0.00008179,15.11508441,buy
1500144555,43822486,0.00008177,16.43,buy
1500144468,43822277,0.0000817,5.507955,sell
1500144466,43822275,0.00008179,40.86171903,buy
1500144462,43822261,0.00008179,296.89790927,buy
1500144459,43822243,0.00008179,1361.10905978,buy
1500144457,43822234,0.00008179,192.81391368,buy
1500144457,43822233,0.00008178,21.25,buy
1500144457,43822232,0.00008178,164.34078116,buy
1500144449,43822196,0.00008178,200.0,buy
1500144425,43822119,0.00008178,300.0,buy
1500144279,43821759,0.00008178,471.43921884,buy
1500144279,43821758,0.00008178,0.65249062,buy
1500144150,43821405,0.00008129,0.00000595,buy
1500144134,43821377,0.00008129,12.26993405,buy
1500144134,43821376,0.00008121,0.00000595,buy
1500144127,43821352,0.00008121,350.03941778,buy
1500144127,43821351,0.00008121,1.32337001,buy
1500144107,43821213,0.00008117,1.24844333,buy
1500144104,43821149,0.00008112,343.06300011,sell
1500144103,43821147,0.00008112,111.32498598,sell
1500144102,43821136,0.00008111,144.23170506,sell
1500144093,43821056,0.00008117,10.0,buy
1500144045,43820832,0.00008121,248.85794315,sell
1500144044,43820825,0.00008121,16.69874789,sell
1500144039,43820817,0.00008121,100.0,buy
1500144039,43820816,0.0000812,111.54645606,buy
1500144039,43820815,0.0000812,1.30246797,buy
1500144018,43820681,0.0000811,5.49927082,buy
1500143959,43820406,0.00008101,11.0871654,sell
1500143831,43820083,0.0000812,200.2157707,buy
1500143823,43820069,0.00008101,23.43715145,sell
1500143823,43820068,0.00008101,0.58040665,sell
1500143823,43820067,0.00008129,25.69630996,buy
1500143801,43819996,0.0000811,108.93,buy
1500143774,43819903,0.000081,8.3,buy
1500143772,43819890,0.000081,10000.0,buy
1500143756,43819852,0.00008101,0.2,sell
1500143739,43819776,0.0000817,2568.9801736,buy
1500143739,43819775,0.0000817,1645.0659,buy
1500143739,43819774,0.00008157,7248.164,buy
1500143739,43819773,0.0000815,737.67,buy
1500143739,43819772,0.00008149,6673.592,buy
1500143739,43819771,0.00008149,138.79,buy
1500143739,43819770,0.0000814,68.13,buy
1500143739,43819769,0.00008139,21.09,buy
1500143739,43819768,0.00008138,52.33,buy
1500143739,43819767,0.00008138,176.43,buy
1500143739,43819766,0.00008137,57.56,buy
1500143739,43819765,0.00008136,355.07405834,buy
1500143739,43819764,0.00008121,62.79,buy
1500143739,43819763,0.00008121,47.49,buy
1500143739,43819762,0.00008121,26.23,buy
1500143739,43819761,0.0000812,49.71386806,buy
1500143739,43819760,0.0000811,10070.9,buy
1500143715,43819675,0.0000812,3.14306597,buy
1500143712,43819667,0.0000812,3.14306597,buy
1500143703,43819632,0.0000812,4.0,buy
1500143697,43819583,0.0000811,5.0,buy
1500143677,43819557,0.00008121,10.0,buy
1500143669,43819531,0.00008116,10.0,buy
1500143657,43819485,0.000081,1701.31280796,sell
1500143657,43819484,0.000081,360.84541069,sell
1500143654,43819476,0.000081,5.5832521,sell
1500143652,43819464,0.00008115,50.0,buy
1500143623,43819256,0.000081,1.15006539,sell
1500143623,43819255,0.000081,1.13997357,sell
1500143620,43819230,0.000081,1.87668748,sell
1500143620,43819229,0.000081,5.55447249,sell
1500143620,43819218,0.000081,5.55447249,sell
1500143620,43819215,0.000081,5.55447249,sell
1500143620,43819214,0.000081,5.55447249,sell
1500143620,43819212,0.000081,5.55447249,sell
1500143620,43819209,0.000081,5.55447249,sell
1500143619,43819207,0.000081,5.55447249,sell
1500143619,43819199,0.000081,5.55447249,sell
1500143619,43819196,0.000081,5.55447249,sell
1500143619,43819189,0.000081,5.55447249,sell
1500143619,43819187,0.000081,5.55447249,sell
1500143619,43819185,0.000081,5.55447249,sell
1500143619,43819184,0.000081,5.55447249,sell
1500143619,43819182,0.000081,5.55447249,sell
1500143619,43819176,0.000081,5.55447249,sell
1500143619,43819175,0.000081,5.55447249,sell
1500143619,43819170,0.000081,5.55447249,sell
1500143619,43819169,0.000081,5.55447249,sell
1500143619,43819167,0.000081,5.55447249,sell
1500143619,43819160,0.000081,5.55447249,sell
1500143619,43819157,0.000081,5.55447249,sell
1500143619,43819155,0.000081,5.55447249,sell
1500143619,43819154,0.000081,5.55447249,sell
1500143619,43819153,0.000081,5.55447249,sell
1500143619,43819149,0.000081,5.55447249,sell
1500143618,43819144,0.000081,5.55447249,sell
1500143618,43819143,0.000081,5.55447249,sell
1500143614,43819126,0.00008113,5.52569281,sell
1500143614,43819125,0.00008113,4.47430719,sell
1500143599,43819089,0.000081,6.10260304,sell
1500143585,43819007,0.000081,3.74260284,sell
1500143545,43818811,0.0000812,6200.0,buy
1500143542,43818790,0.0000813,60.0,sell
1500143458,43818061,0.0000813,1.0,buy
1500143452,43818029,0.0000813,1.0,buy
1500143441,43817955,0.00008138,1.12,buy
1500143429,43817856,0.00008138,10.0,buy
1500143426,43817852,0.0000813,1.0,buy
1500143418,43817837,0.00008138,1.0,buy
1500143413,43817833,0.0000813,1.76594176,buy
1500143411,43817831,0.0000813,1.0,buy
1500143403,43817826,0.00008139,1.0,buy
1500143395,43817815,0.00008139,1.0,buy
1500143387,43817803,0.0000813,1.0,buy
1500143368,43817771,0.0000813,20.0,buy
1500143324,43817720,0.0000813,10.0,sell
1500143297,43817689,0.0000813,791.03825338,buy
1500143280,43817663,0.000081,519.40829719,sell
1500143279,43817659,0.000081,519.48,sell
1500143274,43817649,0.0000813,0.04138141,sell
1500143274,43817648,0.00008139,9.65,sell
1500143268,43817638,0.00008139,1.9,sell
1500143268,43817637,0.0000814,54.98,buy
1500143268,43817636,0.00008139,45.02,buy
1500143267,43817618,0.0000813,1.9,sell
1500143263,43817601,0.0000813,8.05861859,sell
1500143188,43817327,0.00008139,235.69640743,buy
1500143178,43817308,0.00008139,289.84359257,buy
1500143176,43817294,0.0000811,58.01751793,buy
1500143158,43817137,0.000081,22.38,sell
1500143158,43817136,0.000081,260.17220232,buy
1500143084,43816815,0.000081,94.60860034,buy
1500143082,43816807,0.000081,10.28919734,buy
1500143082,43816806,0.00008099,84.319403,buy
1500143055,43816728,0.00008071,0.19977723,sell
1500143050,43816677,0.0000807,208.80560952,sell
1500143046,43816649,0.0000807,485.468473,sell
1500143034,43816607,0.0000807,37.69473642,sell
1500143034,43816606,0.0000809,100.0,sell
1500143034,43816605,0.0000809,71.12334652,sell
1500143011,43816515,0.0000809,5.55833941,sell
1500143011,43816511,0.0000809,23.31831407,sell
1500143011,43816510,0.0000809,65.56500711,sell
1500143000,43816467,0.0000811,76.26343643,buy
1500143000,43816466,0.000081,29.76,buy
1500143000,43816465,0.000081,29.76,buy
1500143000,43816464,0.000081,29.76,buy
