Timestamp,TradeId,Price,Amount,Type
1501372790,47744450,0.27666,153.2775831,buy
1501372790,47744449,0.27665,10.5625218,buy
1501372783,47744421,0.27666,1.11,buy
1501372759,47744243,0.2691,763.832678,sell
1501372759,47744242,0.27,1000,sell
1501372759,47744241,0.27008,352.191495,sell
1501372759,47744240,0.27017,92.28,sell
1501372759,47744239,0.27064,54.15131572,sell
1501372759,47744238,0.2717,2400,sell
1501372759,47744237,0.27173,1619.00786,sell
1501372759,47744236,0.27215,500,sell
1501372759,47744235,0.27216,999.9,sell
1501372759,47744234,0.27252,56.02678648,sell
1501372759,47744233,0.2739,18.255,sell
1501372759,47744232,0.27477,362.2656998,sell
1501372759,47744231,0.27482,175.1274265,sell
1501372759,47744228,0.27483,2.64063045,sell
1501372758,47744227,0.27483,2.64063045,sell
1501372755,47744188,0.27485,2.64063045,sell
1501372755,47744185,0.27485,2.64063045,sell
1501372746,47744134,0.2767,127.9233932,buy
1501372746,47744133,0.27669,54.57950464,buy
1501372734,47744082,0.27669,1.11,buy
1501372661,47743946,0.27472,55.68950464,sell
1501372647,47743897,0.27673,144.5537666,buy
1501372646,47743892,0.27673,260.5531629,buy
1501372646,47743891,0.27672,9.87300775,buy
1501372646,47743890,0.2747,218.0745615,buy
1501372646,47743889,0.2747,346.6224527,buy
1501372643,47743873,0.2747,126.4261303,buy
1501372643,47743872,0.2747,25.1615361,buy
1501372643,47743871,0.2747,365.7618528,buy
1501372641,47743867,0.2747,7.49095541,buy
1501372637,47743855,0.2747,181.3462291,buy
1501372636,47743852,0.2747,7.49095541,buy
1501372635,47743844,0.2747,19.99461285,buy
1501372635,47743841,0.27466,7.74476413,sell
1501372635,47743839,0.2747,823.8621769,buy
1501372634,47743832,0.2747,782.7066532,buy
1501372634,47743830,0.2747,455.3888801,buy
1501372634,47743829,0.27467,180.9,buy
1501372634,47743828,0.27466,182.8721906,buy
1501372618,47743789,0.27173,180.89214,sell
1501372618,47743788,0.27174,7.16987383,sell
1501372618,47743787,0.27251,303.4475379,sell
1501372618,47743786,0.27251,55.74524989,sell
1501372618,47743785,0.27252,182.7451984,sell
1501372610,47743766,0.27252,10,sell
1501372599,47743687,0.2747,1001.001001,buy
1501372599,47743685,0.2747,959.1781788,buy
1501372599,47743684,0.2747,184.0831704,buy
1501372599,47743683,0.2742,770.4370899,buy
1501372599,47743682,0.27419,55.14098058,buy
1501372595,47743677,0.27418,0.16350399,buy
1501372590,47743660,0.27419,6.91422133,buy
1501372589,47743654,0.2742,13.10579538,buy
1501372588,47743643,0.2742,58.08697037,buy
1501372588,47743642,0.27467,158.3701444,sell
1501372574,47743616,0.2747,377.2506761,buy
1501372574,47743614,0.2747,394.306597,buy
1501372574,47743610,0.2747,58.08697037,buy
1501372574,47743608,0.2747,393.9122904,buy
1501372570,47743595,0.27467,24.32831184,sell
1501372569,47743578,0.2747,58.08697037,buy
1501372569,47743574,0.2747,885.0406163,buy
1501372569,47743571,0.2747,708.645457,buy
1501372569,47743570,0.27467,182.6984562,buy
1501372564,47743555,0.2747,58.08697037,buy
1501372563,47743545,0.27468,58.08697037,buy
1501372554,47743521,0.27469,58.08697037,buy
1501372549,47743514,0.2747,1411.67428,buy
1501372548,47743508,0.2747,76.57044663,buy
1501372548,47743504,0.2747,1426.07423,buy
1501372548,47743500,0.2747,186.0096822,buy
1501372548,47743498,0.2747,1378.176929,buy
1501372548,47743497,0.2747,236.5949096,buy
1501372548,47743495,0.2747,138.3396256,buy
1501372548,47743490,0.2747,179.5480074,buy
1501372547,47743483,0.2747,245.6627463,buy
1501372547,47743481,0.2747,87.25731314,buy
1501372547,47743477,0.2747,86.36961153,buy
1501372547,47743476,0.27469,182.7418589,buy
1501372546,47743470,0.2747,140.9812858,buy
1501372546,47743467,0.2747,242.034057,buy
1501372546,47743466,0.2747,1398.942379,buy
1501372546,47743463,0.2747,415.2584345,buy
1501372546,47743459,0.2747,1629.215523,buy
1501372546,47743458,0.2747,2.80517561,buy
1501372546,47743456,0.2747,191.5272335,buy
1501372545,47743455,0.2747,1000,sell
1501372545,47743454,0.27474,181.3236627,sell
1501372538,47743444,0.27677,86.20718259,buy
1501372536,47743436,0.2747,644.7981456,buy
1501372536,47743433,0.2747,987.4794879,buy
1501372536,47743432,0.2747,1001.001001,buy
1501372536,47743429,0.27476,8530.610919,sell
1501372536,47743428,0.27486,7383.230827,sell
1501372536,47743427,0.27487,181.2842174,sell
1501372536,47743426,0.275,1,sell
1501372536,47743425,0.27505,181.2250816,sell
1501372536,47743424,0.27506,181.3858289,sell
1501372536,47743423,0.27506,0.1645241,sell
1501372536,47743422,0.27506,0.1913946,sell
1501372526,47743410,0.27676,1002.703588,buy
1501372526,47743409,0.27676,1001.004951,buy
1501372519,47743394,0.27676,1001.001001,buy
1501372515,47743384,0.27677,489.6353481,buy
1501372515,47743383,0.2767,500,buy
1501372515,47743382,0.27669,11.36984002,buy
1501372506,47743363,0.27669,1003.350446,buy
1501372500,47743355,0.27669,1001.004951,buy
1501372500,47743351,0.27669,0.5708121,buy
1501372494,47743342,0.27669,446.5017046,buy
1501372494,47743341,0.27669,246.6038222,buy
1501372494,47743340,0.27669,240.5021223,buy
1501372494,47743339,0.27667,67.39335195,buy
1501372482,47743316,0.27666,87.13045557,buy
1501372482,47743315,0.27668,149.826719,buy
1501372482,47743313,0.27668,120.9660004,buy
1501372482,47743311,0.27668,368.3631083,buy
1501372482,47743306,0.27668,87.13045557,buy
1501372482,47743305,0.27668,87.13045557,buy
1501372481,47743302,0.27668,464.6873789,buy
1501372481,47743301,0.27667,54.64462826,buy
1501372481,47743300,0.27667,87.13045557,buy
1501372481,47743299,0.27667,39.56830802,buy
1501372475,47743272,0.27598,87.13045557,buy
1501372474,47743269,0.27669,6.1016978,buy
1501372474,47743268,0.276,81.02875777,buy
1501372474,47743267,0.276,118.9712422,buy
1501372474,47743266,0.27599,181.5376237,buy
1501372474,47743265,0.27574,222.8015403,buy
1501372474,47743264,0.27574,87.13045557,buy
1501372474,47743261,0.27574,87.13045557,buy
1501372474,47743260,0.27574,87.13045557,buy
1501372474,47743256,0.27574,42.03831702,buy
1501372452,47743233,0.27574,181.0848995,buy
1501372451,47743232,0.27574,579.8624381,buy
1501372449,47743217,0.27574,416.2573843,buy
1501372449,47743214,0.27574,449.5233833,buy
1501372448,47743211,0.27574,381.5376237,buy
1501372438,47743174,0.27574,200,buy
1501372434,47743154,0.27574,438.1259539,buy
1501372434,47743148,0.27574,181.5376237,buy
1501372432,47743143,0.27574,995.5110568,buy
1501372431,47743142,0.27574,381.5376237,buy
1501372355,47742978,0.27576,4333.368,sell
1501372297,47742832,0.27572,1000,sell
1501372172,47742639,0.2765,37.46984629,buy
1501372130,47742531,0.2765,38.2637305,buy
1501372094,47742481,0.2765,789.3850318,buy
1501372091,47742470,0.2765,63.68646857,buy
1501372041,47742405,0.2765,1.11,buy
1501372029,47742389,0.27632,987.1750619,sell
1501372029,47742388,0.27633,12.99524561,sell
1501372006,47742339,0.2763,340.1959467,sell
1501372006,47742338,0.27631,59.80405334,sell
1501371999,47742304,0.2763,840.2046079,sell
1501371999,47742303,0.27634,99.999995,sell
1501371999,47742302,0.27635,59.79539706,sell
1501371967,47742238,0.2765,24.37888046,buy
1501371965,47742220,0.2765,31.2598817,buy
1501371964,47742205,0.2765,31.01526401,buy
1501371964,47742198,0.2765,58.08697037,buy
1501371952,47742090,0.2765,63.7610496,buy
1501371942,47742064,0.2765,74.26090945,buy
1501371941,47742058,0.27645,12.86954462,buy
1501371940,47742056,0.27645,87.13045538,buy
1501371833,47741573,0.27585,1940.100562,sell
1501371833,47741572,0.27587,59.89943806,sell
1501371832,47741569,0.27585,897.2126338,sell
1501371832,47741568,0.27586,59.90160943,sell
1501371832,47741567,0.27586,5.43681375,sell
1501371813,47741514,0.2765,100,buy
1501371812,47741507,0.2765,46.028629,buy
1501371784,47741404,0.2767,0.05313041,buy
1501371783,47741402,0.2767,972.6558833,buy
1501371779,47741375,0.27682,5.45952897,buy
1501371779,47741370,0.27682,5.45952897,buy
1501371779,47741360,0.27682,10.06006007,buy
1501371751,47741248,0.27681,12.80039958,buy
1501371751,47741247,0.27681,12.80039958,buy
1501371751,47741246,0.27681,10.4065546,buy
1501371744,47741211,0.27543,70,sell
1501371725,47741165,0.27681,5.48994416,buy
1501371697,47741040,0.27682,5.48994416,buy
1501371697,47741039,0.27682,5.4899367,buy
1501371697,47741038,0.27682,5.48994416,buy
1501371556,47740748,0.27683,5.48178662,buy
1501371556,47740747,0.27683,5.48178662,buy
1501371556,47740746,0.27683,5.48178662,buy
1501371556,47740745,0.27683,5.48178662,buy
1501371556,47740744,0.27683,5.48178662,buy
1501371556,47740743,0.27683,5.48178662,buy
1501371556,47740742,0.27683,5.48178662,buy
1501371540,47740711,0.27683,857.0126077,sell
1501371540,47740710,0.27683,531.9058723,sell
1501371451,47740480,0.27707,635.6947529,buy
1501371403,47740379,0.27707,58.15909206,buy
1501371402,47740373,0.27707,58.15909206,buy
1501371288,47740048,0.27689,693.3046295,buy
1501371286,47740045,0.27689,141.1440319,buy
1501371282,47740032,0.27689,6.64153635,buy
1501371266,47739984,0.27687,87.04332511,sell
1501371240,47739885,0.27683,54.78330837,sell
1501371240,47739879,0.27684,6.8154548,buy
1501371239,47739867,0.27683,212.8179708,sell
1501371239,47739866,0.27684,287.1820292,sell
1501371216,47739795,0.27682,87.04332511,sell
1501371205,47739776,0.27682,260.0103489,sell
1501371188,47739747,0.27689,1500,buy
1501371188,47739746,0.27689,1500,buy
1501371161,47739676,0.27689,623.5623623,buy
1501371161,47739673,0.27689,131.4842975,buy
1501371161,47739671,0.27689,212.9236576,buy
1501371160,47739669,0.27689,702.6292921,buy
1501371160,47739667,0.27689,91.64729896,buy
1501371159,47739656,0.27689,630.9216702,buy
1501371091,47739270,0.2768,7.25967655,sell
1501371091,47739268,0.2768,8.1400397,sell
1501371090,47739263,0.2768,7.25967655,sell
1501371087,47739243,0.2768,7.25967655,sell
1501371086,47739237,0.2768,1.5760807,sell
1501371068,47739189,0.27689,3650,buy
1501371063,47739143,0.2768,50.54689523,sell
1501371063,47739130,0.2768,14.94407637,sell
1501371062,47739123,0.2768,1.6361901,sell
1501371062,47739122,0.27681,48.91070513,sell
1501371062,47739121,0.27681,37.36156529,sell
1501371050,47739091,0.27681,87.04332511,sell
1501371037,47739044,0.27689,0.7978903,buy
1501370993,47738859,0.2768,65.56020443,sell
1501370982,47738792,0.2768,65.52642347,sell
1501370980,47738771,0.2768,65.5215338,sell
1501370977,47738756,0.2768,65.51096264,sell
1501370976,47738741,0.2768,65.48600284,sell
1501370970,47738710,0.27689,1.94333333,buy
1501370969,47738706,0.2768,65.33856031,sell
1501370968,47738703,0.2768,65.38622723,sell
1501370966,47738677,0.27681,52.01003343,sell
1501370966,47738676,0.27687,13.47777516,sell
1501370966,47738655,0.2768,65.34301719,sell
1501370965,47738649,0.27686,65.31770107,sell
1501370891,47738266,0.27689,87.7206017,sell
1501370890,47738262,0.27689,87.04332511,sell
1501370888,47738233,0.2769,79.29804796,sell
1501370886,47738225,0.2769,106.793204,sell
1501370872,47738188,0.27696,81.55338095,sell
1501370872,47738187,0.27696,5.48994416,sell
1501370861,47738143,0.2769,16.34730889,sell
1501370860,47738140,0.27761,1.68172426,sell
1501370858,47738106,0.27758,69.01429196,sell
1501370857,47738097,0.27758,87.04332511,sell
1501370857,47738096,0.27758,87.04332511,sell
1501370857,47738093,0.27758,87.04332511,sell
1501370857,47738091,0.27758,32.13716173,sell
1501370857,47738090,0.27758,5.48994416,sell
1501370857,47738089,0.27759,49.41621922,sell
1501370856,47738083,0.27794,1258.161503,buy
1501370850,47738050,0.27799,200,buy
1501370849,47738043,0.27796,273.5757828,sell
1501370847,47738035,0.27796,198.4392796,sell
1501370847,47738034,0.27796,43.91954582,sell
1501370847,47738033,0.27796,343.8590543,sell
1501370844,47738018,0.27796,125.089356,sell
1501370841,47737994,0.27796,53.883994,sell
1501370840,47737987,0.278,71.77209175,buy
1501370840,47737982,0.278,71.77209176,buy
1501370840,47737981,0.278,71.77209176,buy
1501370840,47737980,0.278,71.77209176,buy
1501370840,47737978,0.278,71.77209176,buy
1501370840,47737976,0.278,71.77209176,buy
1501370840,47737971,0.27796,21.03004624,sell
1501370840,47737970,0.27796,28.37944374,sell
1501370840,47737966,0.27796,87.04332511,sell
1501370836,47737940,0.27796,23.83806554,sell
1501370836,47737939,0.27796,59.14760724,sell
1501370835,47737930,0.278,71.77209175,buy
1501370835,47737928,0.278,71.77209176,buy
1501370835,47737921,0.278,71.77209175,buy
1501370835,47737917,0.278,71.77209176,buy
1501370834,47737915,0.27796,133.4149745,sell
1501370832,47737899,0.27796,16.26688599,sell
1501370832,47737898,0.27796,65.15189705,sell
1501370828,47737887,0.27796,119.063086,sell
1501370827,47737884,0.27796,64.74584721,sell
1501370827,47737883,0.27796,5.48994416,sell
1501370827,47737882,0.27796,5.92800626,sell
1501370826,47737877,0.27796,118.1977924,sell
1501370822,47737866,0.27796,5.52069834,sell
1501370819,47737847,0.278,0.11679874,buy
1501370805,47737716,0.278,161.8427216,buy
1501370805,47737712,0.278,82.23858895,buy
1501370805,47737707,0.278,1003.191814,buy
1501370805,47737706,0.278,234.2258822,buy
1501370791,47737646,0.27796,29.32198053,sell
1501370789,47737638,0.27796,13.073059,sell
1501370788,47737628,0.27796,0.63339685,sell
1501370784,47737615,0.27796,700,sell
1501370783,47737608,0.27796,34.70494355,sell
1501370782,47737605,0.27796,87.04332511,sell
1501370761,47737530,0.27796,48.46206438,sell
1501370761,47737529,0.27797,5.48994416,sell
1501370761,47737528,0.27797,5.48994416,sell
1501370761,47737527,0.27797,5.48994416,sell
1501370760,47737525,0.27796,37.4903336,sell
1501370759,47737524,0.27797,5.48994416,sell
1501370759,47737523,0.27797,5.48994416,sell
1501370759,47737522,0.27797,5.48994416,sell
1501370759,47737521,0.27797,5.48178662,sell
1501370759,47737520,0.27797,5.48994416,sell
1501370752,47737476,0.27792,6.21418837,sell
1501370751,47737469,0.27792,6.21470322,sell
1501370751,47737464,0.27792,87.04332511,sell
1501370751,47737461,0.27792,6.20657095,sell
1501370751,47737456,0.27792,87.04332511,sell
1501370750,47737434,0.27792,87.04332511,sell
1501370749,47737422,0.278,5.48994416,buy
1501370749,47737411,0.27792,87.04332511,sell
1501370748,47737406,0.27792,20.07411816,sell
1501370748,47737399,0.278,155.6366849,buy
1501370748,47737396,0.278,93.15571227,buy
1501370745,47737381,0.27792,64.92417997,sell
1501370745,47737379,0.278,78.84447122,buy
1501370743,47737362,0.278,5.48178662,buy
1501370743,47737361,0.278,5.48178662,buy
1501370741,47737348,0.278,5.48178662,buy
1501370741,47737347,0.278,5.48178662,buy
1501370741,47737346,0.278,5.48178662,buy
1501370741,47737345,0.278,5.48178662,buy
1501370741,47737344,0.278,5.48177917,buy
1501370741,47737343,0.278,5.48178662,buy
1501370741,47737342,0.278,5.48178662,buy
1501370741,47737341,0.278,5.48178662,buy
1501370741,47737340,0.278,5.48178662,buy
1501370741,47737339,0.278,5.48178662,buy
1501370741,47737338,0.278,5.48178662,buy
1501370741,47737337,0.278,4.38989293,buy
1501370741,47737336,0.27798,1.09189369,buy
1501370741,47737335,0.27798,5.48178662,buy
1501370741,47737334,0.27798,5.48178662,buy
1501370741,47737333,0.27798,5.48177917,buy
1501370741,47737332,0.27798,24.0381199,buy
1501370741,47737331,0.27798,5.48178662,buy
1501370741,47737330,0.27798,5.48178662,buy
1501370741,47737329,0.27798,5.48994416,buy
1501370739,47737322,0.27792,15.90369311,sell
1501370737,47737309,0.27792,27.39242652,sell
1501370731,47737280,0.27792,16.43639698,sell
1501370730,47737263,0.278,5.48994416,buy
1501370727,47737262,0.27791,393.7100558,sell
1501370727,47737261,0.27792,5.48994416,sell
1501370723,47737224,0.278,5.4899367,buy
1501370717,47737195,0.27791,32.68049191,sell
1501370715,47737184,0.278,301.2577878,buy
1501370714,47737167,0.27791,27.20850332,sell
1501370711,47737152,0.27791,5.46745299,sell
1501370711,47737142,0.27791,35.36582859,sell
1501370711,47737141,0.27791,5.48994416,sell
1501370707,47737083,0.278,1045.617333,buy
1501370706,47737051,0.278,302.2395624,buy
1501370705,47737046,0.278,88.41104301,buy
1501370705,47737032,0.278,329.1346675,buy
1501370704,47737025,0.278,282.8689696,buy
1501370704,47737013,0.278,95.75534055,buy
1501370703,47736994,0.278,124.2937855,buy
1501370703,47736986,0.278,371.3600069,buy
1501370702,47736976,0.278,120.641235,buy
1501370702,47736958,0.278,80.14201577,buy
1501370702,47736957,0.278,98.10582206,buy
1501370701,47736956,0.278,1296.609679,buy
1501370701,47736955,0.278,65.86931159,buy
1501370701,47736949,0.278,88.71826703,buy
1501370701,47736948,0.278,85.42998726,buy
1501370701,47736946,0.278,99.30367682,buy
1501370701,47736922,0.278,82.52023519,buy
1501370700,47736918,0.278,197.3784455,buy
1501370700,47736914,0.278,39.03715959,buy
1501370700,47736913,0.278,56.14432529,buy
1501370700,47736903,0.278,101.2833455,buy
1501370699,47736895,0.278,76.10431637,buy
1501370699,47736890,0.278,214.7290498,buy
1501370699,47736887,0.278,78.68972526,buy
1501370699,47736884,0.278,89.55984859,buy
1501370698,47736857,0.278,1.06050827,buy
1501370698,47736852,0.278,5.50169572,buy
1501370698,47736845,0.278,1376.927185,buy
1501370698,47736844,0.278,9.32936758,buy
1501370698,47736843,0.278,104.9551397,buy
1501370698,47736841,0.278,5.50169572,buy
1501370697,47736812,0.278,76.98214756,buy
1501370696,47736795,0.278,197.0243516,buy
1501370696,47736772,0.278,4.86037496,buy
1501370695,47736761,0.278,190.8203253,buy
1501370693,47736709,0.278,1410.526598,buy
1501370693,47736690,0.2779,60.28354,buy
1501370691,47736647,0.27769,1.72374439,sell
1501370691,47736646,0.27771,5.48994416,sell
1501370691,47736645,0.27771,357.5893807,buy
1501370690,47736637,0.27771,5.48994416,buy
1501370688,47736567,0.27771,225.3416227,buy
1501370687,47736548,0.27771,1572.451748,buy
1501370687,47736544,0.27771,24.12601392,buy
1501370687,47736541,0.27771,24.12601392,buy
1501370687,47736540,0.27771,3.30902878,buy
1501370687,47736539,0.27771,20.81698514,buy
1501370687,47736538,0.27771,5.48994416,buy
1501370686,47736530,0.27771,3.6930707,buy
1501370686,47736529,0.27769,1.79687346,buy
1501370686,47736527,0.27769,5.48994416,buy
1501370686,47736514,0.27751,5.48819884,sell
1501370685,47736512,0.27769,5.48994416,buy
1501370685,47736509,0.27769,5.48994416,buy
1501370684,47736477,0.27769,5.48994416,buy
1501370684,47736473,0.27769,5.48994416,buy
1501370684,47736472,0.27769,5.48994416,buy
1501370684,47736471,0.27769,5.48994416,buy
1501370684,47736469,0.2775,197.8495794,buy
1501370683,47736466,0.2775,5.48994416,buy
1501370683,47736464,0.2775,5.48994416,buy
1501370683,47736457,0.2775,5.48994416,buy
1501370683,47736456,0.2775,5.48994416,buy
1501370683,47736455,0.2775,5.48994416,buy
1501370683,47736454,0.2775,5.48994416,buy
1501370683,47736450,0.2775,5.4899367,buy
1501370683,47736449,0.2775,5.48994416,buy
1501370683,47736446,0.2775,5.48994416,buy
1501370682,47736440,0.2775,5.48994416,buy
1501370682,47736439,0.2775,5.48178662,buy
1501370682,47736431,0.2775,24.10982197,buy
1501370682,47736430,0.2775,5.48994416,buy
1501370682,47736429,0.2775,12.24858018,buy
1501370682,47736412,0.2775,5.48994416,buy
1501370681,47736407,0.2775,408.2324637,buy
1501370681,47736393,0.2775,5.48178662,buy
1501370681,47736392,0.2775,24.10982197,buy
1501370681,47736388,0.2775,5.48178662,buy
1501370681,47736384,0.2775,5.48994416,buy
1501370680,47736360,0.2775,5.48178662,buy
1501370680,47736358,0.2775,5.48994416,buy
1501370680,47736357,0.2775,200,buy
1501370680,47736347,0.2775,5.48178662,buy
1501370680,47736346,0.2775,5.48994416,buy
1501370676,47736138,0.2775,24.10982197,buy
1501370676,47736130,0.2774,967.0929652,buy
1501370675,47736101,0.2774,5.48994416,buy
1501370674,47736074,0.2774,5.48994416,buy
1501370674,47736062,0.2774,5.48178662,buy
1501370670,47735978,0.2774,5.48178662,buy
1501370670,47735967,0.2774,5.48178662,buy
1501370669,47735963,0.2774,5.48178662,buy
1501370669,47735961,0.2775,5.48178662,buy
1501370669,47735947,0.2775,5.48178662,buy
1501370669,47735945,0.2775,5.48178662,buy
1501370668,47735942,0.2775,5.48178662,buy
1501370668,47735941,0.2775,5.48178662,buy
1501370668,47735935,0.2775,852.9968382,buy
1501370666,47735888,0.2775,407.0031618,buy
1501370664,47735807,0.2775,1.25482717,buy
1501370657,47735564,0.2775,210.9180625,buy
1501370655,47735482,0.277,1897.081937,buy
1501370654,47735410,0.277,102.9180625,buy
1501370654,47735409,0.27697,51.524394,buy
1501370654,47735408,0.27696,545.5575435,buy
1501370653,47735396,0.27696,835.8045659,buy
1501370651,47735292,0.27685,1271.145,buy
1501370651,47735284,0.27685,147.1250129,buy
1501370647,47735003,0.27685,460.5271093,buy
1501370647,47735002,0.2768,170.122753,buy
1501370647,47734953,0.2768,533.2902812,buy
1501370642,47734469,0.2768,296.5869658,buy
1501370642,47734468,0.2768,193.7475422,buy
1501370625,47734317,0.2768,5.48724188,buy
1501370625,47734315,0.2768,1.04456873,buy
1501370625,47734312,0.2768,5.48724188,buy
1501370624,47734288,0.2768,800.8008008,buy
1501370619,47734230,0.2768,93.43261477,buy
1501370584,47734061,0.27501,81.50235441,sell
1501370518,47733613,0.2768,570.3857211,buy
1501370492,47733516,0.2768,429.6142737,buy
1501370408,47733169,0.2768,899.9999949,buy
1501370408,47733168,0.2765,0.00000515,buy
1501370402,47733120,0.2765,1591.73994,buy
1501370398,47733104,0.2765,104.0148258,buy
1501370392,47733075,0.2765,754.5705155,buy
1501370388,47733054,0.2765,49.67471356,buy
1501370388,47733053,0.27646,38.192663,buy
1501370388,47733052,0.27608,44.037943,buy
1501370388,47733051,0.276,218.0946804,buy
1501370388,47733050,0.276,1364.96085,buy
1501370388,47733049,0.276,290,buy
1501370388,47733048,0.276,290,buy
1501370388,47733047,0.276,290,buy
1501370388,47733046,0.27591,35.03914,buy
1501370388,47733045,0.27587,200,buy
1501370388,47733044,0.27571,30,buy
1501370388,47733043,0.27566,0.00000546,buy
1501370384,47733031,0.275,756.9421053,sell
1501370384,47733030,0.27501,121.0513911,sell
1501370384,47733029,0.27501,122.0065036,sell
1501370382,47733021,0.27501,826.3771841,sell
1501370382,47733020,0.27501,173.6228159,sell
1501370379,47733015,0.27501,126.3814462,sell
1501370379,47733014,0.27501,534.022002,sell
1501370379,47733013,0.27501,339.5965519,sell
1501370371,47732973,0.27507,6098.53922,buy
1501370371,47732962,0.27507,1637.617184,buy
1501370370,47732957,0.27507,2263.843596,buy
1501370360,47732909,0.27501,67.8579703,sell
1501370360,47732908,0.27501,32.1420297,sell
1501370346,47732836,0.27566,515.1393253,buy
1501370344,47732808,0.27566,29.99625882,buy
1501370344,47732807,0.27566,44.0339498,buy
1501370344,47732806,0.2756,276.3932303,buy
1501370344,47732805,0.2756,407.4587262,buy
1501370344,47732804,0.2755,181.7064223,buy
1501370344,47732793,0.2755,2318.293578,buy
1501370344,47732792,0.27539,32.146,buy
1501370344,47732791,0.27522,37.639268,buy
1501370344,47732790,0.275,64.97295301,buy
1501370344,47732787,0.275,35.03522061,buy
1501370344,47732786,0.275,199.9960885,buy
1501370343,47732784,0.275,499.9957379,buy
1501370343,47732783,0.275,1000,buy
1501370343,47732782,0.275,603.83,buy
1501370343,47732781,0.275,10,buy
1501370343,47732780,0.275,200,buy
1501370343,47732779,0.275,0.1,buy
1501370343,47732778,0.275,300,buy
1501370343,47732777,0.275,5421.998534,buy
1501370343,47732751,0.27485,110.563279,buy
1501370342,47732750,0.27485,10.48811212,buy
1501370342,47732740,0.27497,378.9760869,sell
1501370342,47732739,0.27497,153.102948,sell
1501370341,47732728,0.275,58.0829636,buy
1501370339,47732662,0.275,1528.81427,buy
1501370333,47732579,0.275,202.959188,buy
1501370333,47732573,0.275,2699.266751,buy
1501370332,47732569,0.275,58.08697037,buy
1501370332,47732567,0.275,923.132812,buy
1501370332,47732557,0.275,133.3333333,buy
1501370332,47732554,0.27497,1000,sell
1501370331,47732530,0.275,1974.325178,buy
1501370331,47732529,0.275,20,buy
1501370331,47732528,0.275,5.6748221,buy
1501370331,47732527,0.275,4.3251779,buy
1501370331,47732526,0.275,20,buy
1501370331,47732525,0.275,40,buy
1501370331,47732524,0.275,94.44109503,buy
1501370331,47732523,0.275,21.20395182,buy
1501370331,47732522,0.27499,349.6629811,buy
1501370331,47732521,0.27495,3000,buy
1501370331,47732520,0.27485,6.77264846,buy
1501370329,47732504,0.27485,653.130426,buy
1501370329,47732503,0.27485,72.35956899,buy
1501370329,47732502,0.27472,0.1,buy
1501370329,47732501,0.27469,20,buy
1501370329,47732500,0.27464,0.1,buy
1501370324,47732464,0.27463,534.022002,buy
1501370323,47732460,0.27463,1664.399534,buy
1501370323,47732457,0.27463,672.1870978,buy
1501370322,47732456,0.27463,87.13045557,buy
1501370322,47732451,0.27463,87.13045557,buy
1501370322,47732450,0.27463,87.13045557,buy
1501370321,47732423,0.2746,664.7761018,buy
1501370321,47732422,0.2746,283.6075859,buy
1501370320,47732408,0.2746,1787.107448,buy
1501370318,47732376,0.2746,1597.817309,buy
1501370317,47732371,0.2746,635.6767027,buy
1501370317,47732362,0.2746,2032.014853,buy
1501370317,47732361,0.27458,0.1,buy
1501370316,47732352,0.2745,1790.970512,buy
1501370316,47732347,0.2745,495.4706577,buy
1501370315,47732339,0.2745,2133.202601,buy
1501370314,47732305,0.2745,702.5257034,buy
1501370314,47732304,0.2744,32.170314,buy
1501370314,47732303,0.27439,153.102948,buy
1501370314,47732302,0.27407,0.1,buy
1501370303,47732040,0.2739,164.5819965,sell
1501370303,47732039,0.2739,0.15319303,sell
1501370303,47732038,0.2739,153.5806116,sell
1501370303,47732037,0.2739,334.8016983,sell
1501370294,47731997,0.2739,100,sell
1501370282,47731952,0.274,1000,buy
1501370282,47731951,0.274,3000,buy
1501370282,47731950,0.274,9000,buy
1501370282,47731949,0.274,1823.175,buy
1501370282,47731948,0.274,818.9421547,buy
1501370281,47731942,0.274,164.582002,buy
1501370280,47731936,0.274,79.10365033,buy
1501370279,47731932,0.274,437.7521592,buy
1501370279,47731928,0.274,2239.150944,buy
1501370279,47731927,0.274,3955.182516,buy
1501370277,47731908,0.274,2305.286573,buy
1501370277,47731907,0.27397,46.7,buy
1501370277,47731906,0.27396,0.1,buy
1501370277,47731900,0.2739,434.6484997,buy
1501370275,47731791,0.2739,153.1986084,buy
1501370275,47731790,0.2739,0.00433456,buy
1501370267,47731773,0.27093,53.10294797,sell
1501370267,47731772,0.27301,4.54051682,sell
1501370267,47731771,0.27301,99.999995,sell
1501370267,47731770,0.27301,237.8998298,sell
1501370267,47731769,0.27301,4.45671038,sell
1501370262,47731752,0.2739,999.9956654,buy
1501370240,47731669,0.27392,57.33366867,buy
1501370239,47731667,0.2735,100,sell
1501370238,47731657,0.2735,1343.171757,buy
1501370234,47731645,0.2735,337.2220711,buy
1501370233,47731634,0.2735,336.1926236,buy
1501370231,47731630,0.2735,335.5512523,buy
1501370228,47731608,0.2735,52.98775071,buy
1501370228,47731604,0.2735,74.89070921,buy
1501370227,47731595,0.2735,208.3578527,sell
1501370227,47731594,0.2735,2020,sell
1501370226,47731589,0.27392,334.6090661,buy
1501370224,47731562,0.27392,334.2475979,buy
1501370224,47731561,0.2736,0.00000571,buy
1501370212,47731525,0.2736,27.49598929,buy
1501370212,47731524,0.2736,235.175298,buy
1501370203,47731490,0.2735,126.1532895,buy
1501370202,47731486,0.2735,334.1299399,buy
1501370202,47731482,0.2735,135.0465377,buy
1501370201,47731479,0.2735,135.0465377,buy
1501370201,47731474,0.2735,134.8118476,buy
1501370200,47731472,0.2735,134.8118476,buy
1501370081,47731218,0.2735,913.1278482,buy
1501370066,47731172,0.2735,86.87215176,buy
1501370031,47731064,0.273,1000,buy
1501370031,47731063,0.273,90,buy
1501370031,47731062,0.273,228.2470546,buy
1501370031,47731060,0.273,137.3825608,buy
1501370030,47731054,0.273,137.3824568,buy
1501370030,47731044,0.273,137.2629782,buy
1501370029,47731041,0.273,2359.72495,buy
1501370029,47731040,0.273,643.3748374,buy
1501370029,47731037,0.273,528.9998473,buy
1501370029,47731032,0.273,65.62531528,buy
1501370029,47731031,0.273,531.0504187,buy
1501370029,47731030,0.273,77.82726965,buy
1501370016,47730992,0.273,206.7280672,buy
1501370015,47730972,0.273,184.3942444,buy
1501370015,47730971,0.273,3498.201736,buy
1501370007,47730948,0.273,596.6734848,buy
1501370007,47730946,0.273,77.82697628,buy
1501370006,47730939,0.273,77.75047209,buy
1501370006,47730938,0.273,596.0869527,buy
1501370005,47730929,0.273,77.68285417,buy
1501370005,47730926,0.273,595.5685486,buy
1501369976,47730809,0.273,2000,buy
1501369923,47730598,0.273,444.4197051,buy
1501369923,47730597,0.273,444.4197051,buy
1501369885,47730458,0.27186,100,sell
1501369871,47730371,0.273,80.19545457,buy
1501369858,47730243,0.273,155.0039179,buy
1501369855,47730229,0.273,4052.290533,buy
1501369855,47730228,0.273,509.7693946,buy
1501369855,47730222,0.273,354.9066523,buy
1501369855,47730221,0.273,162.9720763,buy
1501369855,47730218,0.273,405.020485,buy
1501369854,47730216,0.273,455.6067354,buy
1501369854,47730210,0.273,87.13045557,buy
1501369854,47730208,0.273,404.6022999,buy
1501369854,47730207,0.273,75.82955891,buy
1501369853,47730200,0.273,603.0521188,buy
1501369853,47730196,0.273,162.9720763,buy
1501369853,47730181,0.27299,1176.365733,buy
1501369852,47730178,0.27299,536.7318382,buy
1501369852,47730177,0.27299,79.3006345,buy
1501369852,47730174,0.27299,93.95497182,buy
1501369852,47730167,0.27299,96.15312243,buy
1501369852,47730162,0.27299,737.1739386,buy
1501369852,47730145,0.27299,636.1833822,buy
1501369851,47730133,0.27299,306.7737797,buy
1501369851,47730132,0.2729,294.0903062,buy
1501369851,47730131,0.2728,34.76602123,buy
1501369774,47729867,0.2728,2129.498327,buy
1501369774,47729865,0.2728,89.64550674,buy
1501369772,47729844,0.2728,89.64550675,buy
1501369771,47729836,0.2728,118.3220721,buy
1501369729,47729695,0.27276,53.22695798,buy
1501369714,47729650,0.26983,100,sell
1501369703,47729603,0.2728,21.7468228,buy
1501369677,47729453,0.2728,202.5081447,buy
1501369675,47729447,0.2729,202.5124438,buy
1501369672,47729431,0.2729,202.5124438,buy
1501369669,47729405,0.2729,74.02272125,buy
1501369658,47729375,0.27289,1911.887422,buy
1501369656,47729373,0.2729,113.2566125,buy
1501369655,47729371,0.2729,113.6054725,buy
1501369646,47729362,0.27157,0.00379668,sell
1501369645,47729360,0.2725,0.00380048,sell
1501369645,47729359,0.2725,0.00380048,buy
1501369645,47729355,0.2725,999.9961995,buy
1501369637,47729325,0.2725,0.52572326,sell
1501369631,47729296,0.2725,897.8237903,buy
1501369631,47729292,0.2725,102.1762097,buy
1501369515,47729010,0.273,9.36666626,buy
1501369515,47729009,0.27296,183.6715952,buy
1501369510,47728999,0.27145,91.99237445,sell
1501369510,47728998,0.27146,0.34869336,sell
1501369510,47728997,0.27146,183.6715952,sell
1501369502,47728982,0.27297,77.63087884,buy
1501369502,47728981,0.27291,122.3691212,buy
1501369481,47728943,0.27152,122.3691212,sell
1501369481,47728942,0.27299,77.63087884,sell
1501369479,47728938,0.27299,149.7,sell
1501369459,47728884,0.27299,31.66505848,sell
1501369458,47728874,0.27299,262.220338,buy
1501369396,47728711,0.273,3955.935599,buy
1501369396,47728710,0.2729,1000,buy
1501369396,47728709,0.27283,23.50085,buy
1501369396,47728708,0.27282,53.77239767,buy
1501369396,47728707,0.27264,0.45,buy
1501369396,47728706,0.2725,5000,buy
1501369396,47728705,0.27249,42.61911504,buy
1501369396,47728704,0.27219,223.976475,buy
1501369396,47728703,0.27208,20.086197,buy
1501369396,47728702,0.272,20.54166667,buy
1501369396,47728701,0.272,1000,buy
1501369396,47728700,0.272,1000,buy
1501369396,47728699,0.272,1000,buy
1501369396,47728698,0.2719,994.2995291,buy
1501369396,47728697,0.27184,0.45,buy
1501369396,47728696,0.2717,1000,buy
1501369396,47728695,0.27169,710.086113,buy
1501369396,47728694,0.2715,954.282058,buy
1501369384,47728668,0.2715,927.0232392,buy
1501369382,47728663,0.2715,2357.698945,buy
1501369382,47728661,0.2715,102.1463654,buy
1501369363,47728632,0.2715,242.5720413,buy
1501369360,47728619,0.27149,1473.34927,buy
1501369360,47728618,0.27149,0.00000512,buy
1501369352,47728588,0.27146,1596.006309,buy
1501369351,47728585,0.27146,149.9936914,buy
1501369351,47728584,0.27145,17.64206633,buy
1501369351,47728583,0.27145,167.6357578,buy
1501369302,47728410,0.27149,29.19941197,buy
1501369289,47728376,0.27142,132.3289835,buy
1501369285,47728344,0.27143,99.12409,buy
1501369285,47728343,0.27142,370.87591,buy
1501369278,47728316,0.26774,0.79,sell
1501369270,47728280,0.27147,53.91309695,buy
1501369267,47728265,0.2715,2362.626808,buy
1501369267,47728263,0.2715,21.67116103,buy
1501369267,47728261,0.2715,0.8,buy
1501369266,47728258,0.2715,3.5825786,buy
1501369266,47728257,0.2715,28.5968031,buy
1501369256,47728233,0.27169,1289.913887,buy
1501369251,47728226,0.27155,1313.70624,buy
1501369251,47728225,0.27154,370.99976,buy
1501369239,47728189,0.27138,0.00000361,buy
1501369206,47728088,0.27155,113,buy
1501369197,47728054,0.26713,489.6379233,sell
1501369197,47728053,0.26714,99.999995,sell
1501369197,47728052,0.27053,97.38418224,sell
1501369197,47728051,0.27056,184.4507978,sell
1501369189,47728027,0.27159,14.78414927,buy
1501369183,47727993,0.27159,27.89662428,buy
1501369167,47727940,0.27159,279.0889551,buy
1501369161,47727848,0.27159,0.4,buy
1501369160,47727784,0.27053,2.61581776,sell
1501369160,47727783,0.27054,184.4610049,sell
1501369160,47727782,0.27055,812.9231773,sell
1501369114,47727638,0.27159,120.5110449,sell
1501369114,47727636,0.27159,139.4889551,buy
1501369094,47727565,0.27157,85,buy
1501369047,47727449,0.27169,8200,buy
1501368994,47727338,0.27169,200,buy
1501368976,47727318,0.27169,1000,buy
1501368976,47727317,0.27169,0.45,buy
1501368976,47727315,0.27169,184.3759795,buy
1501368976,47727313,0.27169,200,buy
1501368957,47727251,0.27169,20,buy
1501368954,47727248,0.2716,93.53841135,buy
1501368953,47727245,0.2716,906.4615887,buy
1501368925,47727193,0.27169,389.571655,buy
1501368920,47727184,0.27169,100,buy
1501368854,47727052,0.27169,500,buy
1501368845,47727045,0.27091,39.96,sell
1501368709,47726749,0.27169,7300,buy
1501368540,47726569,0.2705,7.878834,sell
1501368540,47726568,0.27169,1.85953667,buy
1501368539,47726567,0.2705,1.86771726,buy
1501368538,47726566,0.27057,1.86723406,sell
1501368538,47726559,0.27169,7.90527281,buy
1501368538,47726558,0.27056,7.93828937,sell
1501368537,47726556,0.27169,7.93828937,buy
1501368537,47726554,0.27049,6.31545389,sell
1501368537,47726553,0.27051,1.66591119,sell
1501368536,47726552,0.27169,7.98136508,buy
1501368536,47726550,0.27051,6.36622731,sell
1501368536,47726549,0.27055,1.65136097,sell
1501368536,47726548,0.27169,8.01758828,buy
1501368535,47726547,0.27054,8.05972884,sell
1501368534,47726545,0.27169,8.05972884,buy
1501368534,47726544,0.27053,7.1171857,sell
1501368534,47726542,0.27053,0.98520467,sell
1501368534,47726541,0.27169,8.10239037,buy
1501368533,47726539,0.27053,8.13713243,sell
1501368533,47726538,0.27169,8.9091025,buy
1501368455,47726381,0.27049,15.0403387,sell
1501368455,47726374,0.2705,158.5448724,buy
1501368454,47726369,0.27049,127.275151,sell
1501368454,47726361,0.27049,75.62741989,sell
1501368454,47726360,0.2705,82.92129468,sell
1501368454,47726359,0.2705,101.4512854,sell
1501368407,47726202,0.2715,1000,buy
1501368407,47726201,0.27149,1999.8,buy
1501368407,47726200,0.27136,17.16769,buy
1501368407,47726199,0.27067,589.4585407,buy
1501368407,47726198,0.27066,11.03347883,buy
1501368406,47726166,0.27066,3.63976017,buy
1501368406,47726165,0.2706,10,buy
1501368406,47726164,0.27049,92.16518783,buy
1501368405,47726136,0.27049,59.65340478,buy
1501368405,47726135,0.27049,0.12152007,buy
1501368405,47726133,0.27049,993.1600998,buy
1501368405,47726132,0.27049,303.0153445,buy
1501368405,47726126,0.27049,105.804948,buy
1501368394,47726104,0.27,400,buy
1501368293,47725773,0.26932,100,buy
1501368242,47725617,0.26932,233.0383369,buy
1501368241,47725611,0.26932,253.2003344,buy
1501368241,47725608,0.26932,257.5348593,buy
1501368240,47725606,0.26932,257.3108867,buy
1501368239,47725602,0.26932,255.6708827,buy
1501368239,47725601,0.2693,1.30706146,buy
1501368239,47725600,0.2693,125.5231649,buy
1501368236,47725584,0.26932,0.44150554,buy
1501368236,47725583,0.26931,186.1365498,buy
1501368226,47725548,0.2693,13.09287404,buy
1501368225,47725530,0.26931,86.62310875,buy
1501368225,47725528,0.26931,99.56542576,buy
1501368223,47725504,0.26932,99.45627075,buy
1501368222,47725482,0.26932,99.45627193,buy
1501368221,47725462,0.26932,5967.48702,buy
1501368221,47725461,0.26931,186.2232071,buy
1501368221,47725460,0.26839,146.8218871,buy
1501368221,47725454,0.26839,99.45627193,buy
1501368218,47725453,0.26839,186.2232012,buy
1501368218,47725451,0.26839,99.36977694,buy
1501368215,47725442,0.26839,99.19716254,buy
1501368215,47725440,0.26839,99.11089288,buy
1501368215,47725436,0.26839,99.11089288,buy
1501368213,47725428,0.26839,99.02469826,buy
1501368206,47725395,0.26839,10.14183279,buy
1501368205,47725387,0.26839,75.27165088,buy
1501368171,47725293,0.26839,15.63810466,buy
1501368157,47725255,0.26839,800,buy
1501368146,47725239,0.26839,1100,buy
1501368095,47725118,0.26839,7.59359359,buy
1501368058,47725046,0.26839,6.50650651,buy
1501368020,47724984,0.26839,7.02406385,buy
1501367938,47724781,0.26839,9.36525477,buy
1501367938,47724780,0.26839,3.9679588,buy
1501367908,47724746,0.26839,59,buy
1501367870,47724671,0.26839,21.91590308,buy
1501367699,47724400,0.26839,6.59699238,buy
1501367699,47724398,0.26839,3710.969857,sell
1501367699,47724397,0.26839,74.21939715,sell
1501367699,47724396,0.26839,446.3644633,sell
1501367699,47724394,0.26936,6.59699238,buy
1501367356,47723775,0.26721,22.02005644,sell
1501367355,47723768,0.2672,39.0183,sell
1501367355,47723766,0.2672,22.02005644,sell
1501367354,47723759,0.26924,49.24806385,buy
1501367353,47723752,0.26718,58.151355,sell
1501367351,47723733,0.26718,89.765505,sell
1501367201,47723280,0.26586,476.4536742,buy
1501367201,47723279,0.26587,683.9982891,sell
1501367201,47723278,0.26592,197.1649239,sell
1501367165,47723153,0.26577,773.8143942,sell
1501367165,47723152,0.26578,15.30407917,sell
1501367165,47723151,0.26578,105.1606212,sell
1501367165,47723150,0.26578,105.7209054,sell
1501367151,47723064,0.2657,4331.103956,buy
1501367151,47723063,0.2657,165.5270544,buy
1501367150,47723055,0.26572,3.36898935,sell
1501367148,47723050,0.26569,1487.113501,sell
1501367148,47723049,0.26569,2789.039887,sell
1501367148,47723048,0.26571,186.9298639,sell
1501367148,47723047,0.26572,36.91674774,sell
1501367115,47722925,0.26546,189.4094546,sell
1501367115,47722924,0.26549,1655.6,sell
1501367115,47722923,0.2664,600,sell
1501367115,47722922,0.26671,283.2330806,sell
1501367115,47722921,0.2668,10.1,sell
1501367115,47722920,0.2683,371,sell
1501367115,47722919,0.26838,0.73047434,sell
1501367115,47722918,0.2684,185.8563331,sell
1501367115,47722917,0.2684,4518.203961,sell
1501367115,47722916,0.26841,185.8666964,sell
1501367062,47722559,0.26803,144.3024271,sell
1501367062,47722558,0.26803,185.6975729,sell
1501366791,47722008,0.27,2991.027168,buy
1501366790,47722004,0.27,2019.612325,buy
1501366789,47722000,0.27,933.6139179,buy
1501366789,47721995,0.27,134.0618373,buy
1501366789,47721991,0.27,12.83961675,buy
1501366789,47721989,0.27,36.33154892,sell
1501366785,47721963,0.27049,158.707422,buy
1501366785,47721962,0.27049,158.707422,buy
1501366776,47721931,0.27049,1269.664651,buy
1501366776,47721924,0.27,1233.334448,buy
1501366775,47721920,0.27,36.33020336,buy
1501366775,47721916,0.27,36.33154892,sell
1501366720,47721767,0.2702,9.999995,buy
1501366720,47721765,0.27,7211.918107,buy
1501366719,47721763,0.27,1690.015589,buy
1501366719,47721761,0.27,107.080292,buy
1501366718,47721752,0.27,991.9440118,buy
1501366718,47721745,0.26902,298.05,sell
1501366715,47721733,0.26993,950.5029748,buy
1501366715,47721722,0.26993,941.6058394,buy
1501366714,47721720,0.26993,1130.602502,buy
1501366714,47721719,0.26993,455,buy
1501366623,47721563,0.26998,208.757971,buy
1501366421,47721217,0.26997,1335.731445,buy
1501366393,47721185,0.26998,1064.041087,buy
1501366366,47721158,0.26998,1003.402937,buy
1501366339,47721135,0.26998,1054.949005,buy
1501366311,47721128,0.26998,1077.021751,buy
1501366284,47721101,0.26998,925.8403088,buy
1501366256,47721081,0.26998,1052.791193,buy
1501366229,47721063,0.26998,1016.607954,buy
1501366201,47721052,0.26998,886.4630581,buy
1501366174,47720965,0.26998,934.5112748,buy
1501366146,47720923,0.26998,986.4069887,buy
1501366121,47720901,0.26998,1003.755337,buy
1501366091,47720880,0.26998,950.7130239,buy
1501366064,47720851,0.26998,917.1961759,buy
1501366046,47720839,0.26998,2.2654434,buy
1501366045,47720838,0.26998,10,buy
1501366037,47720811,0.26998,892.3101309,buy
1501366037,47720810,0.26988,6.56299428,buy
1501366020,47720800,0.26989,57.390781,sell
1501366019,47720797,0.26989,22.26921968,sell
1501366012,47720780,0.26989,9.22112433,sell
1501366009,47720775,0.26989,47.09730047,sell
1501366009,47720774,0.26998,10,buy
1501366004,47720767,0.26998,10,buy
1501366000,47720747,0.26989,10,buy
1501365995,47720737,0.26994,10,buy
1501365992,47720735,0.2699,10,sell
1501365980,47720728,0.26998,795.3091755,buy
1501365953,47720694,0.26998,793.8990494,buy
1501365925,47720636,0.26998,793.2226908,buy
1501365898,47720597,0.26998,752.5441153,buy
1501365871,47720556,0.26998,760.8199084,buy
1501365863,47720538,0.26993,2.90410466,sell
1501365843,47720505,0.26989,36.68058449,buy
1501365843,47720504,0.26988,83.66312543,buy
1501365824,47720465,0.26747,36.67658045,sell
1501365815,47720449,0.26998,858.7567055,buy
1501365788,47720388,0.26998,842.587323,buy
1501365760,47720356,0.26998,834.6523608,buy
1501365733,47720325,0.26998,817.529839,buy
1501365726,47720288,0.27,54.35336,sell
1501365706,47720211,0.27,753.728,sell
1501365705,47720207,0.27,22.0156187,sell
1501365700,47720194,0.27,22,buy
1501365695,47720178,0.26998,149.511873,sell
1501365671,47720116,0.26998,12.54123,buy
1501365671,47720115,0.26998,112.9765138,buy
1501365654,47720084,0.26901,7.08879944,sell
1501365645,47720048,0.269,100,buy
1501365645,47720047,0.269,1590.77719,buy
1501365644,47720043,0.269,782.5348446,buy
1501365617,47719971,0.269,672.9439368,buy
1501365565,47719836,0.269,100,buy
1501365551,47719805,0.2686,101.0002768,buy
1501365549,47719796,0.2685,100,buy
1501365549,47719795,0.2685,11.39,buy
1501365479,47719650,0.26899,102.3989186,buy
1501365476,47719625,0.26799,106.5596795,buy
1501365472,47719617,0.268,465.5403318,buy
1501365472,47719614,0.268,117.1596682,buy
1501365452,47719530,0.26899,80,buy
1501365388,47719140,0.268,212,buy
1501365388,47719139,0.26799,176.8368814,buy
1501365368,47719064,0.26671,225.8236645,sell
1501365368,47719063,0.26672,186.5636835,sell
1501365301,47718896,0.26799,10.08599418,buy
1501364976,47718058,0.26672,186.9228756,sell
1501364934,47718002,0.26989,100,buy
1501364933,47717997,0.2699,100,buy
1501364929,47717992,0.2699,312.9336812,buy
1501364929,47717991,0.26933,4.54262874,buy
1501364929,47717990,0.26926,250,buy
1501364929,47717989,0.26925,499.95,buy
1501364929,47717988,0.26924,101.3967119,buy
1501364929,47717987,0.26827,18.658,buy
1501364929,47717986,0.26826,112.5189781,buy
1501364864,47717875,0.26925,6.77258577,buy
1501364858,47717874,0.26923,8.93020811,buy
1501364855,47717848,0.26922,10,buy
1501364833,47717805,0.26918,5.70448372,buy
1501364833,47717804,0.26919,10,buy
1501364832,47717802,0.2692,10,buy
1501364831,47717799,0.26921,10,buy
1501364812,47717776,0.26908,10,buy
1501364804,47717764,0.26906,10,buy
1501364791,47717743,0.26888,56.40724274,sell
1501364791,47717741,0.26888,158.5487146,sell
1501364767,47717713,0.26888,89.13000903,sell
1501364764,47717705,0.26888,10,sell
1501364764,47717704,0.26888,85.82024695,sell
1501364758,47717697,0.26904,10,sell
1501364752,47717681,0.269,4.882481,buy
1501364751,47717677,0.26901,10,buy
1501364750,47717675,0.26903,10,buy
1501364740,47717648,0.26894,10,buy
1501364740,47717647,0.26894,10,buy
1501364738,47717644,0.26896,10,buy
1501364735,47717636,0.26902,10,buy
1501364735,47717633,0.26902,10,buy
1501364734,47717632,0.26904,10,sell
1501364734,47717624,0.26904,10,buy
1501364734,47717620,0.26903,10,buy
1501364734,47717619,0.26904,10,sell
1501364733,47717618,0.26904,10,buy
1501364733,47717617,0.26904,10,buy
1501364732,47717615,0.26904,10,buy
1501364732,47717614,0.26904,10,sell
1501364732,47717611,0.26904,10,sell
1501364732,47717610,0.26904,10,sell
1501364731,47717608,0.26904,10,sell
1501364730,47717607,0.26892,10,buy
1501364729,47717603,0.26893,10,buy
1501364729,47717602,0.26893,10,buy
1501364729,47717601,0.26904,10,buy
1501364728,47717596,0.26894,10,buy
1501364728,47717595,0.26904,10,sell
1501364727,47717590,0.26895,10,buy
1501364727,47717588,0.26895,10,buy
1501364727,47717587,0.26904,10,sell
1501364727,47717586,0.26896,10,buy
1501364726,47717585,0.26897,10,buy
1501364725,47717579,0.26898,10,buy
1501364723,47717577,0.26899,10,buy
1501364720,47717576,0.26904,10,buy
1501364719,47717574,0.26904,10,sell
1501364717,47717572,0.26885,10,buy
1501364635,47717324,0.26884,2383.7279,buy
1501364635,47717323,0.26883,655.529,buy
1501364635,47717322,0.26881,673.4,buy
1501364635,47717321,0.26874,187.3431002,buy
1501364303,47716749,0.26444,291.8917894,sell
1501364302,47716748,0.26484,0.9,sell
1501364302,47716747,0.26488,19.95631934,sell
1501364302,47716746,0.26501,187.2518912,sell
1501364302,47716745,0.26904,42.77,buy
1501364287,47716726,0.26487,301.3551212,sell
1501364287,47716725,0.265,1.4,sell
1501364287,47716724,0.265,10,sell
1501364287,47716723,0.26503,187.2448789,sell
1501364038,47716442,0.26801,57.57152083,buy
1501364038,47716441,0.26801,105.6991431,buy
1501364037,47716440,0.26801,105.6991431,buy
1501364037,47716439,0.26801,105.6991431,buy
1501364036,47716438,0.26801,105.6991431,buy
1501364036,47716437,0.26801,105.6991431,buy
1501364036,47716436,0.26801,105.6991431,buy
1501364035,47716434,0.26801,105.6991431,buy
1501364029,47716428,0.26801,105.6991431,buy
1501364028,47716425,0.26801,105.6991431,buy
1501364022,47716420,0.26801,20,buy
1501364022,47716419,0.26801,105.6991431,buy
1501363902,47716292,0.26801,105.6991431,buy
1501363886,47716274,0.26801,105.6991431,buy
1501363870,47716238,0.26801,105.6991431,buy
1501363823,47716180,0.26801,105.6991431,buy
1501363822,47716179,0.26801,105.6991431,buy
1501363822,47716178,0.26801,105.6991431,buy
1501363822,47716177,0.26801,105.6991431,buy
1501363821,47716173,0.26801,105.6991431,buy
1501363819,47716172,0.26801,105.6991431,buy
1501363795,47716144,0.26799,211.1691041,buy
1501363791,47716128,0.26798,600,buy
1501363786,47716124,0.26797,167.0206918,buy
1501363782,47716115,0.26796,187.2764388,buy
1501363764,47716081,0.26797,10,buy
1501363764,47716080,0.26797,10,buy
1501363764,47716079,0.26601,187.2729316,sell
1501363523,47715633,0.26671,187.024199,sell
1501363497,47715613,0.26799,42.95180756,buy
1501363484,47715598,0.26799,1,buy
1501363484,47715597,0.26799,182.18,buy
1501363484,47715596,0.2674,1.82,buy
1501363364,47715396,0.26799,562.6990884,buy
1501363364,47715395,0.26799,949.9227075,buy
1501363364,47715394,0.26798,187.3782042,buy
1501363326,47715326,0.26564,142.525422,sell
1501363326,47715325,0.26564,0.9,sell
1501363326,47715324,0.26569,187.3782042,sell
1501363318,47715317,0.26799,50,buy
1501363290,47715243,0.26798,61.10742326,buy
1501363287,47715241,0.26798,186.9263697,buy
1501363286,47715240,0.26799,0.07729254,sell
1501363283,47715234,0.268,98,buy
1501363278,47715221,0.26797,187.3992729,buy
1501363128,47714945,0.26801,1.819995,buy
1501363128,47714944,0.26801,187.4062913,buy
1501363128,47714942,0.26801,189.2262969,buy
1501363128,47714938,0.26801,189.2262969,buy
1501363127,47714933,0.26801,189.2262969,buy
1501363127,47714930,0.26801,189.2262969,buy
1501363044,47714784,0.2653,4.7669604,sell
1501363044,47714783,0.26727,8.03239364,sell
1501363044,47714782,0.2673,0.73436839,sell
1501363044,47714781,0.2673,186.4662776,sell
1501363012,47714705,0.26801,128.3291339,sell
1501362936,47714543,0.26801,57.77623892,sell
1501362935,47714539,0.26802,3.08178832,sell
1501362921,47714501,0.26932,20.34060628,buy
1501362918,47714480,0.2687,186.1019094,sell
1501362918,47714479,0.2687,186.1019094,sell
1501362918,47714478,0.2687,186.1019094,sell
1501362918,47714477,0.2687,143.2746363,sell
1501362892,47714439,0.2687,2.68678924,sell
1501362888,47714420,0.26933,3.08818929,buy
1501362888,47714410,0.26933,3.08818197,buy
1501362886,47714389,0.2687,28.92556136,sell
1501362872,47714305,0.2687,7.21892255,sell
1501362871,47714302,0.2687,1.998,sell
1501362867,47714286,0.2687,1.998,sell
1501362651,47713809,0.2646,8164.85722,sell
1501362651,47713808,0.266,98,sell
1501362651,47713807,0.2666,7224.833,sell
1501362651,47713806,0.26661,6952.638,sell
1501362651,47713805,0.26661,186.5915325,sell
1501362651,47713804,0.26662,36.79213191,sell
1501362651,47713803,0.26662,336.2881157,sell
1501362445,47713426,0.26852,149.5118737,sell
1501362444,47713417,0.26851,149.5118737,buy
1501362443,47713412,0.26852,186.7797307,buy
1501362438,47713380,0.26857,100,buy
1501362433,47713371,0.26692,9.75321832,buy
1501362252,47712955,0.26798,13.98641009,buy
1501362232,47712911,0.26763,22.53092284,buy
1501362228,47712890,0.26477,376.756831,sell
1501362228,47712889,0.265,72.471556,sell
1501362228,47712888,0.26618,158.51287,sell
1501362228,47712887,0.2665,27.00415295,sell
1501362228,47712886,0.26706,230.3459838,sell
1501362228,47712885,0.26764,2.7,sell
1501362228,47712884,0.26798,18.658,sell
1501362228,47712883,0.26812,27.54216145,sell
1501362228,47712882,0.26813,186.0084448,sell
1501362190,47712826,0.26817,185.8597532,sell
1501361876,47712177,0.27067,419.8014593,buy
1501361876,47712176,0.27037,42.38892167,buy
1501361876,47712175,0.27028,186.0742064,buy
1501361876,47712174,0.26763,18.701,buy
1501361633,47711355,0.2719,2884.644547,buy
1501361633,47711354,0.271,1000,buy
1501361633,47711353,0.271,1732.426641,buy
1501361633,47711352,0.2709,213.310928,buy
1501361633,47711351,0.27066,6354.487,buy
1501361633,47711350,0.27065,5795.804,buy
1501361443,47710176,0.2708,7258.580251,buy
1501361443,47710175,0.2705,52.86141387,buy
1501361443,47710174,0.26972,203.153265,buy
1501361443,47710173,0.26939,60.58098925,buy
1501361443,47710172,0.26939,80.76505444,buy
1501361443,47710171,0.26862,193.4793,buy
1501361443,47710170,0.2684,20.98092309,buy
1501361443,47710169,0.2684,53.56755075,buy
1501361443,47710168,0.26838,187.0312529,buy
1501361443,47710164,0.26759,95.89859855,buy
1501361433,47710088,0.26759,25.39761085,buy
1501361433,47710084,0.26759,62.9697906,buy
1501361433,47710083,0.26751,4.94240674,buy
1501361433,47710081,0.26751,13.75859326,buy
1501361433,47710080,0.26751,54.15360465,buy
1501361419,47709874,0.26733,58.96276483,buy
1501361416,47709810,0.26706,59.0836757,sell
1501361416,47709803,0.26706,22.58880254,sell
1501361412,47709712,0.26706,59.0836682,sell
1501361412,47709706,0.26706,6.93390473,sell
1501361412,47709695,0.26706,14.88901519,sell
1501361412,47709680,0.26706,6.92003073,sell
1501361399,47709560,0.267,100.1549191,buy
1501361342,47709414,0.26619,164.0921715,sell
1501361121,47708860,0.26735,22.48758806,buy
1501361121,47708853,0.26736,22.48759053,buy
1501361121,47708849,0.26736,4.36676599,buy
1501361121,47708848,0.26736,119.9540622,buy
1501361120,47708845,0.26736,22.48759053,buy
1501361120,47708844,0.26736,22.48759053,buy
1501361120,47708843,0.26736,22.48759053,buy
1501361119,47708833,0.26738,67.46277895,buy
1501361118,47708829,0.26737,22.48759053,buy
1501361118,47708816,0.26738,22.48759788,buy
1501361064,47708635,0.26619,4.26449697,sell
1501361064,47708634,0.2662,2.49184359,sell
1501361001,47708526,0.26629,152.704528,sell
1501360874,47707881,0.26705,2.90107287,sell
1501360874,47707880,0.26706,0.47408675,sell
1501360872,47707830,0.26705,168.0572651,sell
1501360872,47707829,0.26737,18.701,sell
1501360872,47707828,0.26738,2.90107287,sell
1501360695,47707302,0.268,1000,sell
1501360647,47707105,0.2684,558.2549687,sell
1501360646,47707102,0.2684,954.817479,sell
1501360646,47707091,0.2684,141.777695,sell
1501360646,47707090,0.26841,0.52504723,sell
1501360646,47707088,0.2684,77.57649849,sell
1501360646,47707087,0.26844,16.02403221,sell
1501360646,47707085,0.26844,68.86207203,sell
1501360645,47707082,0.26844,49.68410607,sell
1501360645,47707081,0.26844,48.32012188,sell
1501360640,47707070,0.26842,79.53749653,sell
1501360640,47707069,0.26842,1.47037531,sell
1501360639,47707065,0.26842,80.84222144,sell
1501360639,47707064,0.26847,0.1656504,sell
1501360571,47706966,0.26842,51.54960143,sell
1501360570,47706960,0.26842,51.54960143,sell
1501360417,47706467,0.26962,0.15,buy
1501360327,47706288,0.2684,75.47591155,sell
1501360323,47706263,0.27057,722.9683891,buy
1501360323,47706262,0.27057,60.54993501,buy
1501360323,47706261,0.27056,60.58098925,buy
1501360323,47706260,0.27056,80.76505444,buy
1501360323,47706259,0.26909,196.2976107,buy
1501360306,47706209,0.2707,0.15,buy
1501360306,47706204,0.2684,61.23064884,sell
1501360305,47706199,0.2684,2567.427,sell
1501360303,47706178,0.2684,66.46883012,sell
1501360303,47706176,0.26929,0.15,buy
1501360258,47706068,0.2684,81.01393497,sell
1501360257,47706061,0.2684,80.90354239,sell
1501360257,47706060,0.26841,0.11039258,sell
1501360255,47706053,0.2684,80.9914339,sell
1501360253,47706039,0.2684,3788.595821,sell
1501360253,47706038,0.26842,208.7893328,sell
1501360253,47706037,0.26842,185.4117996,sell
1501360253,47706036,0.26842,185.4117996,sell
1501360253,47706035,0.26842,185.4117996,sell
1501360253,47706034,0.26842,185.4117996,sell
1501360253,47706033,0.26842,185.4117996,sell
1501360253,47706032,0.26842,185.4117996,sell
1501360253,47706031,0.26842,185.4117996,sell
1501360253,47706030,0.26842,185.4117996,sell
1501360253,47706029,0.26842,185.4117996,sell
1501360253,47706028,0.26842,185.4117996,sell
1501360253,47706027,0.26842,185.4117996,sell
1501360253,47706026,0.26842,70.79044965,sell
1501360253,47706025,0.26844,1.60327092,sell
1501360251,47706023,0.26842,114.62135,sell
1501360251,47706022,0.26842,185.4117996,sell
1501360251,47706021,0.26842,185.4117996,sell
1501360251,47706020,0.26842,185.4117996,sell
1501360251,47706019,0.26842,143.5215112,sell
1501360251,47706018,0.26843,185.62174,sell
1501360234,47705978,0.26842,41.89028842,sell
1501360234,47705977,0.26842,185.4117996,sell
1501360234,47705976,0.26842,185.4117996,sell
1501360234,47705975,0.26842,185.4117996,sell
1501360234,47705974,0.26842,185.4117996,sell
1501360234,47705973,0.26842,166.5396656,sell
1501360234,47705972,0.26843,185.6182945,sell
1501360233,47705967,0.26842,18.87213401,sell
1501360233,47705966,0.26842,185.4117996,sell
1501360233,47705965,0.26842,185.4117996,sell
1501360233,47705964,0.26842,185.4117996,sell
1501360233,47705963,0.26842,185.4117996,sell
1501360233,47705962,0.26842,185.4117996,sell
1501360233,47705961,0.26842,185.4117996,sell
1501360233,47705960,0.26842,185.4117996,sell
1501360233,47705959,0.26843,182.5738217,sell
1501360233,47705958,0.26843,2.92740259,sell
1501360208,47705870,0.26848,22.23659474,sell
1501360101,47705649,0.26912,76.7018835,sell
1501360086,47705625,0.26901,49.04834812,sell
1501360084,47705619,0.26898,15.1208147,sell
1501360083,47705617,0.26898,49.06282651,sell
1501360083,47705614,0.26898,49.05926608,sell
1501360082,47705609,0.26897,49.06282651,sell
1501360075,47705583,0.2713,1480.448615,buy
1501360075,47705582,0.27126,516.6,buy
1501360075,47705581,0.27016,169.5653351,buy
1501360075,47705580,0.27013,79.16434436,buy
1501360075,47705579,0.27013,169.5653351,buy
1501360075,47705578,0.26999,60.54993501,buy
1501360075,47705577,0.26999,60.67025863,buy
1501360075,47705576,0.26999,60.73098925,buy
1501360075,47705575,0.26999,141.6909441,buy
1501360073,47705556,0.27,2405.259192,sell
1501360072,47705552,0.27,60.73098925,sell
1501360072,47705551,0.27,97.51621054,sell
1501360072,47705550,0.27,0.90476962,sell
1501360072,47705544,0.27,89.00220248,sell
1501360072,47705537,0.27,0.90476962,sell
1501360070,47705521,0.27,0.90476962,sell
1501360070,47705518,0.27,6.93656472,sell
1501360070,47705513,0.27,300.869767,sell
1501360055,47705497,0.27036,2,buy
1501360049,47705487,0.26892,49.11951554,sell
1501360048,47705482,0.26892,49.11951554,sell
1501360017,47705427,0.2685,13.92796508,sell
1501360017,47705426,0.26851,19.51514589,sell
1501360017,47705425,0.26856,40.5002032,sell
1501359999,47705406,0.2689,49.16337178,sell
1501359998,47705404,0.271,149.1805082,buy
1501359997,47705402,0.2689,49.16337178,sell
1501359991,47705378,0.26883,49.16337178,sell
1501359989,47705368,0.26881,3.72997325,sell
1501359989,47705366,0.2688,5.35892678,sell
1501359986,47705358,0.26878,1,sell
1501359984,47705350,0.26877,19,sell
1501359961,47705311,0.2685,23.0428,sell
1501359918,47705201,0.2684,45.29611392,sell
1501359917,47705197,0.2684,45.29611392,sell
1501359898,47705137,0.2684,0.77615897,sell
1501359897,47705124,0.2684,5.95054976,sell
1501359768,47704938,0.2713,2307.330004,buy
1501359768,47704937,0.27129,185.281257,buy
1501359682,47704807,0.26941,200.2895991,buy
1501359682,47704806,0.26941,305.096577,buy
1501359680,47704805,0.27199,0.11,buy
1501359625,47704719,0.26803,665.7759037,sell
1501359625,47704718,0.26822,185.1131967,sell
1501359625,47704717,0.26823,49.11089956,sell
1501359574,47704611,0.26842,40,sell
1501359454,47704258,0.27282,1000,sell
1501359446,47704233,0.27282,21.42831196,sell
1501359446,47704230,0.27282,67.94620218,sell
1501359446,47704228,0.27282,67.94620218,sell
1501359446,47704224,0.27282,67.94620218,sell
1501359446,47704223,0.27282,67.94620218,sell
1501359446,47704222,0.27282,67.94620218,sell
1501359445,47704218,0.27282,56.3805195,sell
1501359435,47704182,0.27282,7.12551646,buy
1501359435,47704181,0.2728,32.170314,buy
1501359435,47704180,0.2727,1000,buy
1501359435,47704179,0.2726,1000,buy
1501359435,47704178,0.27257,600.987579,buy
1501359435,47704177,0.27236,1000,buy
1501359435,47704176,0.27217,87.47655,buy
1501359435,47704175,0.272,27.495995,buy
1501359435,47704174,0.272,1577.42,buy
1501359435,47704173,0.272,1000,buy
1501359435,47704172,0.27197,1799.9,buy
1501359435,47704171,0.2719,636.0059548,buy
1501359435,47704170,0.27189,1271.8847,buy
1501359435,47704169,0.2717,1714.118996,buy
1501359435,47704168,0.2714,1000,buy
1501359435,47704167,0.27124,23.50085,buy
1501359435,47704166,0.27113,83.311,buy
1501359435,47704165,0.2705,20.086197,buy
1501359435,47704164,0.26888,3499.9,buy
1501359432,47704162,0.26888,0.1,buy
1501359418,47704109,0.26978,17.16769,buy
1501359418,47704108,0.26908,14.673239,buy
1501359418,47704107,0.26907,184.2944288,buy
1501359418,47704106,0.26841,12.54123,buy
1501359413,47704094,0.26775,10.719,buy
1501359324,47703880,0.26641,0.1,sell
1501359306,47703821,0.25678,355.3680799,sell
1501359306,47703820,0.2569,3644.63192,sell
1501359306,47703819,0.2569,4462.456062,sell
1501359306,47703818,0.257,1454,sell
1501359306,47703817,0.25731,500,sell
1501359306,47703816,0.25784,500,sell
1501359306,47703815,0.258,1,sell
1501359306,47703814,0.258,423.9448002,sell
1501359306,47703813,0.25836,500,sell
1501359306,47703812,0.25889,500,sell
1501359306,47703811,0.25942,500,sell
1501359306,47703810,0.25994,500,sell
1501359306,47703809,0.26,4.7,sell
1501359306,47703808,0.26,22.22,sell
1501359306,47703807,0.26,1037.384692,sell
1501359306,47703806,0.26,1,sell
1501359306,47703805,0.26,200,sell
1501359306,47703804,0.2601,0.1,sell
1501359306,47703803,0.26047,500,sell
1501359306,47703802,0.2605,1000,sell
1501359306,47703801,0.261,450,sell
1501359306,47703800,0.261,100,sell
1501359306,47703799,0.261,50,sell
1501359306,47703798,0.261,500,sell
1501359306,47703797,0.2611,3136.5,sell
1501359306,47703796,0.262,100,sell
1501359306,47703795,0.263,1000,sell
1501359306,47703794,0.26323,1799.9,sell
1501359306,47703793,0.2639,10.1,sell
1501359306,47703792,0.265,1579,sell
1501359306,47703791,0.265,200,sell
1501359306,47703790,0.26501,399.96,sell
1501359306,47703789,0.2653,100,sell
1501359306,47703788,0.26615,170.958337,sell
1501359306,47703787,0.26627,450,sell
1501359306,47703786,0.26628,899.91,sell
1501359306,47703785,0.26675,10.729719,sell
1501359306,47703784,0.26769,40.84698818,sell
1501359306,47703783,0.26861,53.82622389,sell
1501359306,47703782,0.27069,83.89370967,sell
1501359306,47703781,0.27071,150,sell
1501359306,47703780,0.27071,177.7046653,sell
1501359306,47703779,0.27071,10.718995,sell
1501359306,47703778,0.27071,7916.10629,sell
1501359306,47703777,0.27071,26.779995,sell
1501359306,47703776,0.27072,4.8402997,sell
1501359306,47703775,0.27072,184.2944288,sell
1501359286,47703746,0.2719,363.9940452,buy
1501359286,47703745,0.27188,362.4163382,buy
1501359281,47703714,0.27188,176.6417879,buy
1501359252,47703546,0.27188,460.941874,buy
1501359250,47703512,0.27171,449.6383972,buy
1501359250,47703511,0.27169,11.30347142,buy
1501359250,47703510,0.2715,0.000005,buy
1501359248,47703491,0.2715,999.999995,buy
1501359244,47703477,0.2717,173.8645686,buy
1501359244,47703476,0.2715,10.719005,buy
1501359244,47703475,0.2715,39.280995,buy
1501359244,47703474,0.27136,10.719,buy
1501359234,47703421,0.2713,500,buy
1501359234,47703420,0.27125,87.47655,buy
1501359234,47703419,0.27107,0.0000116,buy
1501359227,47703369,0.27107,7980.290956,buy
1501359227,47703368,0.27106,0.00000576,buy
1501359227,47703367,0.27106,810.8638879,buy
1501359217,47703350,0.27106,109.1361121,buy
1501359214,47703337,0.27106,79.99999423,buy
1501359214,47703336,0.271,0.00000577,buy
1501359210,47703317,0.271,1124.356923,buy
1501359209,47703315,0.271,9004.184314,buy
1501359208,47703299,0.271,4233.985334,buy
1501359203,47703287,0.271,30422.06763,buy
1501359188,47703192,0.271,623.4218248,buy
1501359170,47703107,0.271,50,buy
1501359061,47702840,0.26899,274.68927,sell
1501359061,47702839,0.26899,440.14269,sell
1501359061,47702838,0.269,185.16804,sell
1501359029,47702738,0.271,23.22,buy
1501359008,47702696,0.27107,38,buy
1501359008,47702695,0.271,50,buy
1501359003,47702677,0.27107,300,buy
1501358969,47702614,0.27107,1000,buy
1501358969,47702613,0.27106,1000,buy
1501358906,47702431,0.27107,697.523342,buy
1501358906,47702430,0.27106,1546.11,buy
1501358906,47702429,0.27106,997.362202,buy
1501358906,47702428,0.27105,3689.6679,buy
1501358903,47702402,0.2707,150,buy
1501358903,47702401,0.27069,185.2915563,buy
1501358851,47702311,0.26863,185.2915563,sell
1501358806,47702235,0.27099,2.637798,buy
1501358789,47702216,0.27106,2.637798,buy
1501358772,47702194,0.27107,81.87012209,buy
1501358772,47702193,0.27103,238.1619713,buy
1501358772,47702192,0.27102,179.9679066,buy
1501358746,47702151,0.27103,2.637798,buy
1501358742,47702142,0.27104,2.637798,buy
1501358731,47702137,0.2691,185.2435026,sell
1501358707,47702101,0.27104,251.1242481,buy
1501358707,47702100,0.27101,84.7462023,buy
1501358690,47702052,0.27103,10,buy
1501358686,47702033,0.27104,10,buy
1501358682,47702025,0.27105,10,buy
1501358662,47701977,0.27072,10,buy
1501358657,47701974,0.27107,5108.254145,buy
1501358657,47701973,0.27106,1000,buy
1501358657,47701972,0.271,43.95,buy
1501358657,47701971,0.2709,500,buy
1501358657,47701970,0.2708,499.37,buy
1501358657,47701969,0.27074,63.38,buy
1501358657,47701968,0.2707,137.9280576,buy
1501358657,47701967,0.2707,175.2537977,buy
1501358657,47701966,0.2707,10,buy
1501358541,47701781,0.26909,14.8113854,sell
1501358541,47701780,0.2691,185.1886146,sell
1501358525,47701770,0.26901,100,sell
1501358346,47701505,0.271,291.222611,buy
1501358346,47701504,0.271,900,buy
1501358319,47701441,0.271,100,buy
1501358319,47701440,0.271,100,buy
1501358105,47701080,0.271,100,buy
1501358081,47700995,0.271,800,buy
1501358072,47700964,0.27107,110,buy
1501358071,47700957,0.27107,1934.046419,buy
1501357983,47700826,0.27107,750.0150044,buy
1501357983,47700825,0.271,200,buy
1501357983,47700824,0.27099,399.96,buy
1501357983,47700823,0.2709,291.8642136,buy
1501357914,47700750,0.2709,708.1357864,buy
1501357914,47700749,0.27085,227.809097,buy
1501357914,47700748,0.27084,455.57263,buy
1501357914,47700747,0.27052,118.9671238,buy
1501357914,47700746,0.27023,83.311,buy
1501357914,47700745,0.27,47.54678987,buy
1501357914,47700744,0.27,900,buy
1501357914,47700743,0.27,1000,buy
1501357914,47700742,0.27,200,buy
1501357914,47700741,0.26916,100,buy
1501357912,47700737,0.2685,12.938,buy
1501357896,47700695,0.26851,719.7443576,buy
1501357872,47700637,0.26841,5.994,buy
1501357670,47700134,0.26675,18.932,sell
1501357600,47700007,0.26949,15,buy
1501357556,47699866,0.2698,296.606327,sell
1501357548,47699824,0.269,100,buy
1501357548,47699823,0.26899,186.3936726,buy
1501357531,47699769,0.26673,801.1722277,sell
1501357531,47699768,0.26674,12.33795667,sell
1501357531,47699767,0.26675,186.3898157,sell
1501357060,47698683,0.26686,300,buy
1501357058,47698676,0.26686,2485.48051,buy
1501357058,47698675,0.26682,140.8862273,buy
1501357058,47698674,0.26682,1799.9,buy
1501357035,47698632,0.26681,989.0947231,buy
1501357014,47698560,0.26664,421.121911,buy
1501357012,47698551,0.26669,185.5790907,buy
1501356989,47698407,0.26681,960.347687,buy
1501356989,47698406,0.2664,0.000005,buy
1501356987,47698378,0.2664,646.999995,buy
1501356987,47698366,0.26639,140.6934815,buy
1501356987,47698365,0.26638,188.8003625,buy
1501356865,47698016,0.26788,162.116396,buy
1501356865,47698015,0.26787,188.2920032,buy
1501356863,47697995,0.26321,759.2562157,sell
1501356863,47697994,0.26409,144.9003199,sell
1501356863,47697993,0.2641,620.175,sell
1501356863,47697992,0.2641,18.932,sell
1501356863,47697991,0.2641,449.6595,sell
1501356863,47697990,0.26411,7.07696441,sell
1501356833,47697871,0.2682,252.6465727,buy
1501356833,47697870,0.26807,375.76805,buy
1501356833,47697869,0.26803,142.8029053,buy
1501356833,47697868,0.26803,187.9204721,buy
1501356724,47697268,0.26887,0.11,buy
1501356720,47697258,0.26403,0.3,sell
1501356713,47697232,0.26894,10.05596254,buy
1501356712,47697218,0.26895,0.1,buy
1501356708,47697189,0.26164,1926.936595,sell
1501356708,47697188,0.2621,1000,sell
1501356708,47697187,0.26211,1999.8,sell
1501356708,47697186,0.2622,4000,sell
1501356708,47697185,0.2625,221.8771645,sell
1501356708,47697184,0.263,40,sell
1501356708,47697183,0.264,50,sell
1501356708,47697182,0.265,200,sell
1501356708,47697181,0.26501,399.96,sell
1501356708,47697180,0.26529,83.394311,sell
1501356708,47697179,0.267,81,sell
1501356708,47697178,0.26702,2.74088063,sell
1501356630,47696878,0.269,100.1715665,buy
1501356629,47696877,0.269,185.2194851,sell
1501356629,47696876,0.26901,154.6050103,sell
1501356603,47696809,0.269,814.7805149,sell
1501356603,47696808,0.26901,185.2194851,sell
1501356556,47696641,0.27,2153,sell
1501356511,47696482,0.27,200,sell
1501356505,47696470,0.26987,146.8880153,buy
1501356505,47696469,0.26987,0.00402817,buy
1501356502,47696464,0.26987,83.30697183,buy
1501356467,47696312,0.26852,40,sell
1501356439,47696184,0.26805,103.6855084,sell
1501356421,47696078,0.26735,60.95801494,sell
1501356421,47696077,0.26735,185.4461835,sell
1501356413,47696056,0.2625,19778.12284,sell
1501356413,47696055,0.26257,1780.093833,sell
1501356413,47696054,0.2635,1477.599478,sell
1501356413,47696053,0.26359,413.3257078,sell
1501356413,47696052,0.26359,506.2270222,sell
1501356413,47696051,0.26442,1255.730145,sell
1501356413,47696050,0.265,200,sell
1501356413,47696049,0.26517,350,sell
1501356413,47696048,0.26535,1096.092406,sell
1501356413,47696047,0.26538,505.39843,sell
1501356413,47696046,0.26544,0.18,sell
1501356413,47696045,0.26628,800.9295634,sell
1501356413,47696044,0.267,8000,sell
1501356413,47696043,0.26721,609.683364,sell
1501356413,47696042,0.2673,1000,sell
1501356413,47696041,0.26744,0.18,sell
1501356413,47696040,0.2678,8878.696916,sell
1501356413,47696039,0.26781,3733.6171,sell
1501356413,47696038,0.26976,100,sell
1501356413,47696037,0.26978,835.0659477,sell
1501356413,47696036,0.26979,184.5801724,sell
1501356297,47695595,0.272,995.1016913,buy
1501356297,47695594,0.27197,185.1748977,buy
1501356294,47695579,0.272,244.1245989,buy
1501356294,47695578,0.27199,185.2400711,buy
1501356294,47695577,0.27172,370.63533,buy
1501356294,47695575,0.26805,7574.98295,buy
1501356294,47695572,0.26805,535.8370499,buy
1501356293,47695571,0.26805,0.18,sell
1501356259,47695508,0.27226,30,buy
1501356242,47695477,0.27037,63.433,sell
1501356233,47695451,0.268,2096.137457,sell
1501356233,47695450,0.26814,449.0553271,sell
1501356233,47695449,0.26824,5090.590326,sell
1501356233,47695448,0.26827,1799.9,sell
1501356233,47695447,0.26907,255.0136204,sell
1501356233,47695446,0.2695,130.8984762,sell
1501356233,47695445,0.27,10,sell
1501356233,47695444,0.27001,184.4337883,sell
1501356233,47695443,0.27032,1173.534958,sell
1501356228,47695430,0.2724,574.2706749,buy
1501356228,47695429,0.2723,90.2414322,buy
1501356228,47695428,0.27224,184.4167819,buy
1501356228,47695427,0.27223,151.071111,buy
1501356218,47695402,0.27021,115.2738131,sell
1501356218,47695401,0.27226,184.3761981,sell
1501356208,47695349,0.27223,152.1556448,buy
1501356169,47695179,0.2712,165.0274649,sell
1501356169,47695178,0.27121,183.9926403,sell
1501356152,47695140,0.27118,1801.390314,sell
1501356152,47695139,0.27118,414.6164887,sell
1501356152,47695138,0.27118,599.9837858,sell
1501356152,47695137,0.27119,183.9994112,sell
1501356135,47695090,0.2723,9.7585678,buy
1501356064,47694815,0.2725,364.291049,buy
1501355903,47694348,0.2727,1,buy
1501355891,47694297,0.2727,258,buy
1501355728,47693407,0.273,116.7155425,buy
1501355728,47693406,0.27296,183.2844575,buy
1501355712,47693344,0.27168,4.12608622,sell
1501355712,47693343,0.27169,183.2844575,sell
1501355712,47693342,0.2717,0.1,sell
1501355712,47693341,0.2717,0.1,sell
1501355608,47692628,0.27392,43692.02089,buy
1501355608,47692627,0.27392,7.542603,buy
1501355608,47692626,0.2739,1916.325857,buy
1501355608,47692625,0.27388,161.3320345,buy
1501355568,47692398,0.2739,183.6741429,buy
1501355556,47692344,0.27387,2338.014082,buy
1501355556,47692343,0.27387,1272.725851,buy
1501355556,47692342,0.27379,0.1,buy
1501355556,47692341,0.27361,82.522138,buy
1501355556,47692340,0.2732,0.1,buy
1501355542,47692248,0.27319,0.1,buy
1501355542,47692247,0.27317,517.7422766,buy
1501355542,47692246,0.273,6.6,buy
1501355542,47692245,0.273,100,buy
1501355542,47692244,0.273,665.8545761,buy
1501355529,47692158,0.273,1079.072717,buy
1501355529,47692155,0.273,1255.072707,buy
1501355529,47692154,0.273,30,buy
1501355529,47692153,0.27296,0.1,buy
1501355529,47692151,0.2729,0.1,buy
1501355525,47692124,0.27282,995.8739138,buy
1501355525,47692123,0.27282,4.12608623,buy
1501355524,47692114,0.27278,83.25012559,buy
1501355510,47692033,0.27278,39.83816441,buy
1501355510,47692032,0.27262,70.531742,buy
1501355510,47692031,0.27254,0.1,buy
1501355510,47692030,0.27253,0.1,buy
1501355510,47692029,0.27218,0.1,buy
1501355497,47691922,0.271,2993.194523,sell
1501355497,47691921,0.27197,236.2506572,sell
1501355497,47691920,0.272,2770.554819,sell
1501355494,47691898,0.272,442.0556869,buy
1501355494,47691892,0.272,549.876462,buy
1501355494,47691889,0.272,256.9078905,buy
1501355493,47691879,0.272,1066.32358,buy
1501355492,47691870,0.272,648.5313069,buy
1501355490,47691857,0.272,248.9155799,buy
1501355488,47691843,0.272,400.8893225,buy
1501355486,47691827,0.272,1386.500171,buy
1501355486,47691826,0.272,53.20336936,buy
1501355486,47691825,0.27197,1014.716489,buy
1501355486,47691822,0.27197,785.1835113,buy
1501355486,47691821,0.27184,0.1,buy
1501355486,47691820,0.27168,60.28354,buy
1501355486,47691819,0.27156,0.1,buy
1501355486,47691818,0.2715,600,buy
1501355486,47691817,0.27143,354.2329487,buy
1501355486,47691816,0.27143,60.28354,buy
1501355486,47691815,0.27143,0.1,buy
1501355485,47691803,0.27143,413.8431616,buy
1501355483,47691789,0.27143,232.6440605,buy
1501355481,47691779,0.27143,417.5411004,buy
1501355480,47691771,0.27143,228.8706567,buy
1501355478,47691764,0.27143,421.3915124,buy
1501355476,47691755,0.27143,224.9416643,buy
1501355474,47691749,0.27143,425.4006932,buy
1501355473,47691737,0.27143,220.7506623,buy
1501355473,47691736,0.27143,0.1,buy
1501355441,47691413,0.271,1000,buy
1501355415,47691139,0.27138,117.226943,buy
1501355415,47691138,0.27138,0.1,buy
1501355408,47691015,0.2712,12565.34547,buy
1501355408,47691013,0.2712,599.9874822,buy
1501355408,47691012,0.2711,0.00823276,buy
1501355407,47691010,0.2711,2999.991767,buy
1501355407,47691009,0.2711,30.77799439,buy
1501355407,47691008,0.271,0.0041967,buy
1501355407,47691007,0.271,9.39451494,buy
1501355406,47691006,0.271,1520.82514,sell
1501355398,47690941,0.271,1000,sell
1501355366,47690744,0.271,34.71928992,sell
1501355360,47690690,0.2711,385.3525938,buy
1501355356,47690665,0.2711,88.23529412,buy
1501355355,47690661,0.2711,76.54411765,buy
1501355354,47690654,0.2711,107.2794118,buy
1501355348,47690591,0.271,2500,sell
1501355344,47690566,0.271,2500,sell
1501355338,47690520,0.2711,465.2807101,buy
1501355330,47690492,0.271,10000,sell
1501355309,47690393,0.2712,5350,buy
1501355284,47690259,0.271,2000,sell
1501355265,47690152,0.271,453.592,sell
1501355238,47690035,0.2712,71.70776925,buy
1501355224,47689908,0.271,2000,sell
1501355223,47689901,0.271,1000,sell
1501355214,47689839,0.2712,67.06815947,buy
1501355208,47689802,0.271,1000,sell
1501355201,47689749,0.2712,388.2912249,buy
1501355199,47689737,0.271,999.0998,sell
1501355152,47689411,0.2712,301,buy
1501355139,47689360,0.271,999.638524,sell
1501355139,47689359,0.27102,0.36147605,sell
1501355126,47689266,0.27102,0.1,buy
1501355123,47689254,0.271,1000,sell
1501355101,47689105,0.271,604.7514015,buy
1501355101,47689104,0.271,3768.552755,buy
1501355101,47689103,0.2709,400,buy
1501354996,47688485,0.2709,500,sell
1501354974,47688239,0.271,125,buy
1501354973,47688231,0.271,803.617732,buy
1501354972,47688212,0.271,12.95277852,buy
1501354972,47688207,0.271,164.6918467,buy
1501354971,47688204,0.271,84.33175912,buy
1501354968,47688182,0.271,995.690197,buy
1501354967,47688172,0.271,77.82576361,buy
1501354967,47688166,0.271,3891.288181,buy
1501354964,47688124,0.271,76.04898771,buy
1501354964,47688123,0.2709,500,buy
1501354964,47688122,0.2708,0.1,buy
1501354964,47688121,0.27079,58.76722589,buy
1501354947,47687953,0.2707,255,buy
1501354946,47687950,0.27,6.60969285,buy
1501354907,47687308,0.27,87.33941766,buy
1501354906,47687289,0.27,73.30846655,buy
1501354904,47687275,0.27,0.00003848,buy
1501354904,47687274,0.27,3665.423327,buy
1501354903,47687253,0.27,642.8485766,buy
1501354903,47687229,0.27,87.62576361,buy
1501354898,47687131,0.27,4381.288181,buy
1501354869,47686861,0.27,56.64065736,buy
1501354860,47686801,0.27,90.64432433,sell
1501354860,47686800,0.27,7446,sell
1501354833,47686680,0.2707,745,sell
1501354826,47686646,0.2707,200,sell
1501354820,47686631,0.27079,1641.232774,buy
1501354791,47686458,0.27079,52.409389,buy
1501354778,47686414,0.27079,77.90909251,buy
1501354778,47686413,0.27078,202.0909075,buy
1501354750,47686332,0.27078,22,buy
1501354747,47686322,0.27078,275.9090925,buy
1501354747,47686321,0.2707,274.0909075,buy
1501354727,47686264,0.2707,10,buy
1501354690,47686183,0.2707,215.9090925,sell
1501354684,47686173,0.2707,71.08773268,sell
1501354650,47686083,0.27079,669.6815185,buy
1501354650,47686082,0.27075,464.8607855,buy
1501354630,47685988,0.2707,200.8993232,sell
1501354563,47685778,0.2707,12.10385165,sell
1501354562,47685777,0.2707,191.6564484,sell
1501354544,47685743,0.27075,35.13921449,buy
1501354528,47685701,0.27077,49.524394,buy
1501354523,47685691,0.27075,96.57606146,buy
1501354499,47685643,0.27075,403.4239385,buy
1501354493,47685630,0.2707,500.0000007,sell
1501354486,47685616,0.2707,384.220066,buy
1501354478,47685591,0.2707,115.779934,buy
1501354448,47685519,0.27077,2,buy
1501354443,47685499,0.27065,233.7301037,buy
1501354443,47685498,0.2706,427.4954219,buy
1501354443,47685497,0.2706,72.50457815,buy
1501354431,47685449,0.27065,10,buy
1501354429,47685436,0.27065,189.7,buy
1501354429,47685435,0.27033,0.1,buy
1501354429,47685434,0.27029,0.1,buy
1501354429,47685433,0.27023,0.1,buy
1501354391,47685279,0.2702,596.5760615,buy
1501354386,47685254,0.2702,281.2405633,buy
1501354386,47685253,0.2701,300.6594367,buy
1501354386,47685252,0.2701,199.3405633,buy
1501354364,47685101,0.2702,100,buy
1501354362,47685098,0.2702,100,buy
1501354362,47685086,0.2702,893.3237041,buy
1501354362,47685085,0.2702,54.14420855,buy
1501354362,47685084,0.2702,659.9514593,buy
1501354362,47685083,0.27014,392.5806281,buy
1501354360,47685064,0.27014,4.73776055,buy
1501354359,47685063,0.27005,95.26223945,buy
1501354359,47685056,0.27005,16.38246855,buy
1501354359,47685055,0.27,83.61753145,buy
1501354358,47685052,0.27,100,buy
1501354357,47685044,0.27,100,buy
1501354357,47685041,0.27,716.3824686,sell
1501354350,47685005,0.27,1000,buy
1501354350,47685004,0.27,20,buy
1501354350,47685003,0.27,11547.90437,buy
1501354343,47684955,0.27,599.159851,buy
1501354342,47684945,0.27,147.3730733,buy
1501354338,47684913,0.27,200.2210276,buy
1501354338,47684906,0.26998,500,sell
1501354336,47684898,0.27,856.707927,buy
1501354334,47684893,0.27,1459.854015,buy
1501354330,47684879,0.27,487.8146863,buy
1501354329,47684876,0.27,1836.275689,buy
1501354326,47684865,0.27,460.295074,buy
1501354324,47684854,0.27,1864.356926,buy
1501354324,47684850,0.27,1615.756282,buy
1501354322,47684841,0.27,651.5112701,buy
1501354322,47684837,0.27,122.553,buy
1501354322,47684829,0.27,1013.214543,buy
1501354319,47684794,0.27,1295.911197,buy
1501354318,47684788,0.27,966.7395444,buy
1501354318,47684785,0.27,2465.389441,buy
1501354317,47684780,0.27,2408.96208,buy
1501354317,47684779,0.27,500,buy
1501354317,47684778,0.27,200,buy
1501354317,47684777,0.27,30,buy
1501354317,47684776,0.27,1701.958193,buy
1501354317,47684759,0.27,3298.041807,buy
1501354317,47684758,0.27,500,buy
1501354317,47684757,0.27,1462,buy
1501354317,47684756,0.27,40,buy
1501354317,47684755,0.27,6823,buy
1501354317,47684754,0.27,520,buy
1501354316,47684746,0.26998,1347.576854,buy
1501354315,47684737,0.26998,972.3534852,buy
1501354313,47684730,0.2699,44.037943,buy
1501354313,47684729,0.2699,142.3916412,buy
1501354312,47684727,0.2699,500,buy
1501354310,47684709,0.2699,2965.188181,buy
1501354308,47684700,0.2699,2601.620178,buy
1501354308,47684699,0.26989,500,buy
1501354308,47684698,0.2698,0.1,buy
1501354308,47684697,0.2698,5000,buy
1501354308,47684696,0.2698,2368.718165,buy
1501354308,47684688,0.2698,7707.007,buy
1501354305,47684674,0.26975,114.6602039,buy
1501354304,47684671,0.26975,385.3397961,sell
1501354296,47684603,0.2698,100,buy
1501354295,47684599,0.2698,100,buy
1501354293,47684586,0.2698,100,buy
1501354293,47684584,0.2698,100,buy
1501354267,47684215,0.2698,4474.469753,buy
1501354267,47684214,0.26975,385.3397961,buy
1501354266,47684189,0.26975,78.67623036,buy
1501354266,47684182,0.26975,25.68701902,sell
1501354266,47684181,0.26975,10.29695454,sell
1501354257,47684006,0.26975,452.8580997,buy
1501354252,47683974,0.26975,25.62834476,buy
1501354247,47683933,0.26975,21.51355556,buy
1501354240,47683570,0.2698,49.80508201,buy
1501354240,47683569,0.2698,983.594912,buy
1501354230,47683536,0.2698,16.405088,buy
1501354230,47683535,0.2698,33.3,buy
1501354230,47683534,0.26957,0.1,buy
1501354222,47683510,0.2695,500,buy
1501354198,47683453,0.269,0.54513288,buy
1501354177,47683349,0.269,678.2164184,buy
1501354165,47683306,0.269,0.35334894,buy
1501354163,47683292,0.269,0.19177878,buy
1501354162,47683285,0.26906,0.45132312,sell
1501354161,47683284,0.26906,112.760665,sell
1501354161,47683283,0.26906,0.25347877,sell
1501354161,47683282,0.26906,6.92860661,sell
1501354161,47683281,0.26907,50.42629881,sell
1501354161,47683280,0.26907,56.09204296,sell
1501354161,47683279,0.26907,93.78090574,sell
1501354154,47683246,0.26955,0.1000055,buy
1501354154,47683243,0.26955,50.42630431,buy
1501354154,47683242,0.26951,0.1,buy
1501354143,47683145,0.26935,5.56574032,buy
1501354143,47683144,0.26935,50.52630431,buy
1501354143,47683142,0.26935,43.60795537,buy
1501354143,47683141,0.26907,56.09203963,buy
1501354141,47683120,0.26907,50.52630431,buy
1501354141,47683119,0.26907,128.4083042,buy
1501354141,47683118,0.26906,6.92861185,buy
1501354138,47683067,0.26906,30.71065615,buy
1501354138,47683066,0.26904,0.1,buy
1501354138,47683065,0.26903,68.88933885,buy
1501354138,47683064,0.269,5.91909637,buy
1501354126,47682978,0.269,193.3238625,buy
1501354082,47682789,0.2679,50,sell
1501354068,47682733,0.26793,18.88933885,sell
1501354060,47682705,0.26787,50,sell
1501354041,47682621,0.269,800.7570412,buy
1501354041,47682620,0.26882,0.1,buy
1501354041,47682619,0.26879,106.328293,buy
1501354041,47682618,0.26875,397.2534356,buy
1501353984,47682186,0.26875,537.0758081,buy
1501353984,47682185,0.26874,0.1,buy
1501353984,47682184,0.26835,0.1,buy
1501353984,47682183,0.26834,0.1,buy
1501353984,47682182,0.26825,32.170314,buy
1501353984,47682181,0.268,77.98431169,buy
1501353984,47682180,0.268,316.4593283,buy
1501353974,47682017,0.268,783.5406717,buy
1501353974,47682016,0.26795,356.6685856,buy
1501353974,47682015,0.26792,0.1,buy
1501353974,47682014,0.26792,0.1,buy
1501353974,47682013,0.26776,0.1,buy
1501353974,47682012,0.26759,101.265041,buy
1501353974,47682011,0.26757,50.26060074,buy
1501353974,47682010,0.2675,1000,buy
1501353974,47682009,0.2675,40,buy
1501353974,47682008,0.26747,27.495995,buy
1501353974,47682007,0.26739,69.026726,buy
1501353974,47682006,0.26739,8.72723297,buy
1501353974,47682005,0.26734,0.1,buy
1501353974,47682004,0.26729,0.1,buy
1501353965,47681832,0.2669,3205.24615,buy
1501353964,47681816,0.2669,215.9721694,buy
1501353964,47681815,0.26685,0.1,buy
1501353964,47681814,0.26684,0.9,buy
1501353959,47681655,0.2668,229.9205196,buy
1501353954,47681601,0.2668,570.0794804,buy
1501353954,47681600,0.26677,0.1,buy
1501353954,47681599,0.26672,23.50085,buy
1501353954,47681598,0.26645,96.442896,buy
1501353954,47681597,0.26638,0.1,buy
1501353954,47681596,0.2662,0.1,buy
1501353954,47681595,0.266,0.00952187,buy
1501353954,47681594,0.266,1000,buy
1501353954,47681593,0.26599,20.086197,buy
1501353954,47681592,0.2659,591.96,buy
1501353927,47681166,0.26578,0.1,buy
1501353927,47681165,0.26551,0.1,buy
1501353927,47681164,0.26536,91.850378,buy
1501353927,47681163,0.2653,0.1,buy
1501353926,47681135,0.26529,91.950378,buy
1501353926,47681134,0.26529,17.16769,buy
1501353518,47679744,0.26501,5613.605664,buy
1501353518,47679743,0.26501,1637.582155,buy
1501353512,47679721,0.26501,1087.421937,buy
1501353512,47679720,0.26501,1077.220301,buy
1501353512,47679719,0.265,374.692,buy
1501353510,47679709,0.26501,1559.004315,buy
1501353459,47679622,0.26501,0.1,buy
1501353397,47679572,0.265,0.00001036,buy
1501353376,47679546,0.265,109.3424252,buy
1501353375,47679543,0.265,90.65756445,buy
1501353375,47679542,0.265,0.1,buy
1501353375,47679541,0.26473,0.00000536,buy
1501353368,47679529,0.26473,91.36863964,buy
1501353359,47679520,0.2646,0.00000576,buy
1501353354,47679500,0.2646,14.67323324,buy
1501353340,47679483,0.26432,21.16918214,buy
1501353340,47679482,0.26432,14.68878253,buy
1501353335,47679473,0.26432,51.61858533,buy
1501353335,47679472,0.26394,0.00000577,buy
1501353335,47679471,0.26394,12.54122423,buy
1501353328,47679454,0.2633,0.00000546,buy
1501353318,47679427,0.2633,87.2585976,buy
1501353308,47679418,0.26329,15.76327822,buy
1501353306,47679414,0.26328,87.2585976,buy
1501353303,47679407,0.26329,87.2585976,buy
1501353294,47679394,0.262,3359.791496,sell
1501353294,47679393,0.262,676.2621889,sell
1501353294,47679392,0.262,601.7488168,sell
1501353294,47679391,0.26221,1.21634553,sell
1501353294,47679390,0.26224,477.4378219,sell
1501353294,47679389,0.26225,190.2804734,sell
1501353279,47679357,0.2633,0.13375583,buy
1501353273,47679332,0.2633,95.57171287,buy
1501353273,47679328,0.2633,151.017967,buy
1501353262,47679311,0.2633,151.0179613,buy
1501353262,47679310,0.26329,0.0000057,buy
1501353262,47679309,0.26329,190.1321361,buy
1501353230,47679175,0.262,9.2002531,sell
1501353230,47679174,0.26201,1.14243585,sell
1501353230,47679173,0.26202,190.1321418,sell
1501353180,47679075,0.26356,7625.308,buy
1501353180,47679074,0.26331,83.311,buy
1501353180,47679073,0.2633,10.719,buy
1501353180,47679072,0.2625,11,buy
1501353116,47678988,0.262,5491.503461,buy
1501353115,47678982,0.262,140.3682405,buy
1501353114,47678973,0.262,6562.186261,buy
1501353106,47678955,0.262,87.28862,buy
1501353104,47678950,0.262,693.1635611,buy
1501353100,47678939,0.262,1000,buy
1501353096,47678931,0.262,469.8507418,buy
1501353095,47678926,0.26196,437.0939027,buy
1501353094,47678919,0.26196,705.1660417,buy
1501353094,47678915,0.26196,1212.727206,buy
1501353092,47678913,0.26196,1244.452849,buy
1501353091,47678904,0.2617,443.307725,buy
1501353090,47678901,0.2617,477.4378219,buy
1501353089,47678883,0.2617,694.1601884,buy
1501353087,47678879,0.26169,2176.428859,buy
1501353085,47678874,0.26169,663.9098074,buy
1501353083,47678861,0.2617,40.34417869,buy
1501353078,47678842,0.2617,2450.269286,buy
1501353077,47678840,0.26191,384.4808,sell
1501353073,47678829,0.2619,188.1681041,buy
1501353072,47678823,0.26191,192.2670204,buy
1501353071,47678822,0.26191,192.2137796,buy
1501353071,47678821,0.2619,192.2670204,buy
1501353065,47678785,0.26192,75.25065794,buy
1501353063,47678779,0.26195,74.8642216,buy
1501353054,47678757,0.26187,192.2781111,buy
1501353044,47678715,0.2619,17.61087094,buy
1501353039,47678710,0.26192,17.55555497,buy
1501353034,47678704,0.26193,27.17912609,buy
1501353026,47678693,0.255,2075.109269,sell
1501353026,47678692,0.2555,806,sell
1501353026,47678691,0.25588,255,sell
1501353026,47678690,0.256,1000,sell
1501353026,47678689,0.25612,1184.765223,sell
1501353026,47678688,0.25613,2369.2935,sell
1501353026,47678687,0.2562,11.2,sell
1501353026,47678686,0.2568,2071.226356,sell
1501353026,47678685,0.25687,2823.006,sell
1501353026,47678684,0.2569,1799.9,sell
1501353019,47678670,0.26198,315.5879339,buy
1501353016,47678662,0.262,1400.1,buy
1501353016,47678661,0.26197,1799.9,buy
1501353014,47678655,0.25681,1171.145889,sell
1501353014,47678654,0.257,1000,sell
1501353014,47678653,0.258,467.4550883,sell
1501353014,47678652,0.2582,4980,sell
1501353014,47678651,0.25823,8.92618584,sell
1501353014,47678650,0.25823,465.8,sell
1501353014,47678649,0.26199,0.36161868,sell
1501352977,47678609,0.262,49,buy
1501352961,47678584,0.262,334.9970486,buy
1501352958,47678579,0.262,333.4625975,buy
1501352954,47678572,0.262,548.8492141,buy
1501352928,47678516,0.258,532.5449117,sell
1501352928,47678515,0.25801,1999.8,sell
1501352928,47678514,0.25866,37.971402,sell
1501352928,47678513,0.259,2.19513044,sell
1501352928,47678512,0.259,1000,sell
1501352928,47678511,0.25914,111.5244978,sell
1501352927,47678501,0.262,1502.787228,buy
1501352926,47678499,0.25913,1133.622677,sell
1501352926,47678498,0.2592,91.84107635,sell
1501352926,47678494,0.262,2476.970935,buy
1501352926,47678493,0.2592,500.2164302,sell
1501352926,47678492,0.26,1547.66,sell
1501352926,47678491,0.26,200,sell
1501352926,47678490,0.2601,60,sell
1501352926,47678489,0.26011,92.28357,sell
1501352926,47678488,0.26011,191.5341889,sell
1501352926,47678483,0.262,7777,buy
1501352925,47678482,0.262,2473.736489,buy
1501352924,47678474,0.26204,29978,sell
1501352924,47678473,0.26207,8000,sell
1501352924,47678472,0.26209,7224.833,sell
1501352924,47678471,0.2621,12.34090107,sell
1501352924,47678470,0.2621,7333.711,sell
1501352924,47678469,0.2621,190.1176828,sell
1501352924,47678468,0.26211,919.7330183,sell
1501352643,47677909,0.26205,249.7180034,sell
1501352642,47677907,0.26203,397.0412211,sell
1501352642,47677906,0.26204,189.9587789,sell
1501352582,47677826,0.26439,0.9,buy
1501352455,47677499,0.26372,0.00000586,buy
1501352422,47677418,0.26372,2289.942308,buy
1501352422,47677417,0.26372,14.673239,buy
1501352412,47677404,0.26306,12.54123,buy
1501352412,47677403,0.26305,190.6395958,buy
1501352411,47677399,0.26241,10.719,buy
1501352409,47677389,0.26148,200.4748308,sell
1501352404,47677367,0.26607,474.4008099,buy
1501352404,47677366,0.26607,1500.6897,buy
1501352404,47677365,0.26608,525.8885509,buy
1501352404,47677364,0.26606,135.3854564,buy
1501352404,47677363,0.26606,54.25271398,buy
1501352380,47677289,0.2611,200.4748308,sell
1501352367,47677265,0.2662,138.037291,buy
1501352367,47677264,0.2662,404.204704,buy
1501352367,47677263,0.2662,401.902349,buy
1501352367,47677262,0.2662,285.177614,buy
1501352367,47677261,0.2662,709.9232083,buy
1501352367,47677260,0.26617,379.83627,buy
1501352365,47677250,0.26618,95,buy
1501352358,47677211,0.26619,3756.6217,buy
1501352358,47677210,0.26617,190.0345863,buy
1501352341,47677160,0.2601,12760.97221,sell
1501352341,47677159,0.26021,196.189777,sell
1501352341,47677158,0.26022,392.34032,sell
1501352341,47677157,0.26105,26.42750682,sell
1501352341,47677156,0.2611,10000,sell
1501352341,47677155,0.26331,134.1165652,sell
1501352341,47677154,0.26377,2.35368987,sell
1501352341,47677153,0.26377,479.9387791,sell
1501352341,47677152,0.264,9000,sell
1501352341,47677151,0.26459,7.66114874,sell
1501352340,47677149,0.26459,11.23585126,sell
1501352340,47677148,0.26467,0.86539704,sell
1501352340,47677147,0.26467,188.3735825,sell
1501352284,47676987,0.2662,13.26243646,sell
1501352284,47676986,0.2662,29276.81436,sell
1501352283,47676980,0.2662,1.259671,sell
1501352283,47676979,0.2662,402.945033,sell
1501352272,47676951,0.2662,402.945033,sell
1501352262,47676937,0.2662,401.902349,sell
1501352254,47676905,0.2662,2819.867898,sell
1501352253,47676903,0.2662,286.437285,sell
1501352251,47676884,0.2662,114.752688,sell
1501352250,47676875,0.2662,286.136084,sell
1501352240,47676817,0.26621,22.33052531,sell
1501352240,47676816,0.26621,100,sell
1501352163,47676548,0.26621,187.4246467,sell
1501352162,47676540,0.26621,187.4246467,sell
1501352160,47676534,0.26621,187.4171245,sell
1501352159,47676530,0.26612,6975.969,buy
1501352159,47676529,0.26611,30.97060397,buy
1501351885,47676016,0.26628,1000,buy
1501351700,47675584,0.26696,78.15455954,sell
1501351700,47675583,0.26696,921.8454405,sell
1501351700,47675582,0.26696,922.7888885,sell
1501351698,47675577,0.26695,77.21111146,buy
1501351698,47675573,0.26696,0.94344854,sell
1501351698,47675572,0.26696,999.0565515,sell
1501351698,47675571,0.26696,20.257646,sell
1501351697,47675569,0.26696,942.103086,sell
1501351696,47675567,0.26696,37.639268,buy
1501351673,47675436,0.2639,477.6463161,buy
1501351659,47675345,0.2639,2504.818585,buy
1501351659,47675344,0.26377,480,buy
1501351658,47675343,0.2639,2615.216633,buy
1501351658,47675342,0.26382,0.00000589,buy
1501351653,47675324,0.26382,110.0358364,buy
1501351653,47675323,0.26382,110.0358423,buy
1501351653,47675322,0.26382,59.39929529,buy
1501351592,47675091,0.26382,3311.605124,buy
1501351592,47675090,0.26381,188.3948757,buy
1501351452,47674192,0.26402,188.3948757,sell
1501351451,47674188,0.26401,2371.8573,buy
1501351442,47674161,0.2669,1138.797161,sell
1501351441,47674160,0.2669,2460.642839,sell
1501351441,47674159,0.2669,10000,buy
1501351441,47674158,0.2666,100,buy
1501351441,47674157,0.26615,32.170314,buy
1501351441,47674156,0.26574,1410,buy
1501351441,47674155,0.26538,27.495995,buy
1501351441,47674154,0.26536,248.1264872,buy
1501351441,47674153,0.265,200,buy
1501351441,47674152,0.26463,23.50085,buy
1501351441,47674151,0.2643,4.30954143,buy
1501351441,47674150,0.26403,622.6563055,buy
1501351441,47674149,0.26403,679.7616219,buy
1501351441,47674148,0.26403,67.98116828,buy
1501351441,47674147,0.26402,1186.047259,buy
1501351441,47674146,0.26396,19.23,buy
1501351441,47674145,0.26391,20.086197,buy
1501351441,47674144,0.2639,10,buy
1501351441,47674143,0.26385,1799.9,buy
1501351441,47674142,0.26321,16.11021878,buy
1501351423,47674107,0.26321,1.05747122,buy
1501351423,47674106,0.26253,14.673239,buy
1501351423,47674105,0.26187,12.54123,buy
1501351423,47674104,0.26124,10.719,buy
1501351423,47674103,0.26123,4.51911141,buy
1501351413,47674073,0.26122,191.7939311,buy
1501351411,47674068,0.26123,192.433514,buy
1501351410,47674059,0.26001,248.7389192,buy
1501351350,47673981,0.25697,5,sell
1501351257,47673946,0.25993,206.4790804,buy
1501351257,47673945,0.25992,193.5209196,buy
1501351238,47673918,0.26001,1.03101427,sell
1501351238,47673917,0.26001,0.23006653,sell
1501351233,47673916,0.26002,189.583689,sell
1501351211,47673881,0.2568,503.0215427,sell
1501351211,47673880,0.25682,480.471427,sell
1501351211,47673879,0.25697,3891.1793,sell
1501351211,47673878,0.25699,240.7713141,sell
1501351211,47673877,0.257,1000,sell
1501351211,47673876,0.25705,1643.133443,sell
1501351211,47673875,0.2571,403.8636643,sell
1501351211,47673874,0.25715,369.7194278,sell
1501351211,47673873,0.25718,238.1820793,sell
1501351211,47673872,0.25721,342.7750118,sell
1501351211,47673871,0.25722,252.2382466,sell
1501351211,47673870,0.25723,311.3057156,sell
1501351211,47673869,0.25723,441.2298602,sell
1501351211,47673868,0.25737,272.3981701,sell
1501351211,47673867,0.25741,460.9964344,sell
1501351211,47673866,0.25747,232.6116052,sell
1501351211,47673865,0.25753,458.1054898,sell
1501351211,47673864,0.25755,2705.260112,sell
1501351211,47673863,0.25758,63.7,sell
1501351211,47673862,0.25764,233.893928,sell
1501351211,47673861,0.25769,1059.121384,sell
1501351211,47673860,0.25769,382.9155091,sell
1501351211,47673859,0.2578,363.9259986,sell
1501351211,47673858,0.25784,230.0693165,sell
1501351211,47673857,0.25785,387.6650575,sell
1501351211,47673856,0.25786,296.6014218,sell
1501351211,47673855,0.25793,346.7713666,sell
1501351211,47673854,0.25794,352.8934745,sell
1501351211,47673853,0.25799,189.921008,sell
1501351211,47673852,0.258,919.9826897,sell
1501351211,47673851,0.258,316.195101,sell
1501351211,47673850,0.2593,10,sell
1501351211,47673849,0.26,400,sell
1501351211,47673848,0.26001,1.83419553,sell
1501351211,47673847,0.26001,3.65305779,sell
1501351211,47673846,0.26001,0.92094718,sell
1501351211,47673845,0.26001,1.18618994,sell
1501351211,47673844,0.26002,191.4865098,sell
1501351185,47673797,0.26002,5,sell
1501350962,47673478,0.25907,2.19419037,sell
1501350962,47673477,0.25907,2.92900963,sell
1501350956,47673464,0.25904,9.27755344,sell
1501350956,47673463,0.25904,191.1972774,sell
1501350880,47673279,0.26399,373.0778841,buy
1501350879,47673277,0.26399,100,buy
1501350857,47673209,0.26392,14.60948,buy
1501350857,47673208,0.26384,85.39052,buy
1501350850,47673193,0.26389,63.69673124,buy
1501350850,47673192,0.26388,36.30326876,buy
1501350848,47673186,0.26391,100,buy
1501350764,47673026,0.2638,0.11,buy
1501350729,47672965,0.264,7.72616046,sell
1501350727,47672958,0.264,795.8260303,sell
1501350727,47672954,0.264,0.8,sell
1501350727,47672953,0.264,371.557263,sell
1501350727,47672952,0.264,161.771143,sell
1501350727,47672947,0.264,258.6206897,sell
1501350726,47672927,0.264,372.357263,sell
1501350725,47672919,0.264,868.3570624,sell
1501350723,47672909,0.264,103.1538777,sell
1501350722,47672901,0.264,949.8126137,sell
1501350721,47672891,0.264,884.6089503,sell
1501350720,47672889,0.264,4491.728608,sell
1501350720,47672887,0.264,0.1,sell
1501350719,47672879,0.264,85.943044,sell
1501350719,47672872,0.26285,175.0691662,buy
1501350719,47672871,0.26284,191.0767173,buy
1501350698,47672789,0.26046,88.61250085,buy
1501350698,47672788,0.26045,192.8789106,buy
1501350685,47672761,0.26044,0.1,buy
1501350671,47672719,0.26045,0.34,buy
1501350639,47672624,0.26045,0.46,buy
1501350628,47672592,0.26044,50,buy
1501350622,47672578,0.26046,7.42836451,buy
1501350622,47672577,0.26045,193.0464663,buy
1501350616,47672563,0.26045,0.62,buy
1501350602,47672530,0.258,17.88589304,buy
1501350560,47672451,0.25755,403.6493132,sell
1501350560,47672450,0.258,1000,sell
1501350560,47672449,0.25833,1055.99423,sell
1501350560,47672448,0.25833,2611.895628,sell
1501350560,47672447,0.259,1000,sell
1501350560,47672446,0.25911,2170.870598,sell
1501350560,47672445,0.25916,3599.44,sell
1501350560,47672444,0.2592,3599.44,sell
1501350560,47672443,0.25923,1799.9,sell
1501350560,47672442,0.25924,38.50616985,sell
1501350560,47672441,0.2596,8.76225118,sell
1501350560,47672440,0.2596,480,sell
1501350560,47672439,0.25972,34.57347886,sell
1501350560,47672438,0.25972,0.43859296,sell
1501350494,47672273,0.25956,428.6163255,sell
1501350494,47672272,0.25957,24.29180754,sell
1501350494,47672271,0.25958,48.20951222,sell
1501350494,47672270,0.25959,1.5743747,sell
1501350461,47672189,0.26377,1.12169004,buy
1501350444,47672162,0.25924,31.52289573,sell
1501350444,47672161,0.2593,50,sell
1501350444,47672160,0.25951,0.25438622,sell
1501350444,47672159,0.25951,0.50459585,sell
1501350444,47672158,0.25951,1.98530562,sell
1501350444,47672157,0.25952,0.9042417,sell
1501350443,47672153,0.25952,100,sell
1501350382,47671940,0.26332,100,buy
1501350362,47671910,0.26345,43.97953347,buy
1501350362,47671909,0.26345,50.36132339,buy
1501350311,47671824,0.26,329.4363451,sell
1501350311,47671823,0.26,0.00002611,sell
1501350311,47671822,0.26001,9.73124389,sell
1501350311,47671821,0.26001,190.832411,sell
1501350307,47671801,0.26386,8.8758075,buy
1501350307,47671800,0.26382,191.1241925,buy
1501350291,47671771,0.26,69.98779349,sell
1501350288,47671764,0.26,120.8451378,sell
1501350288,47671763,0.26001,69.9878196,sell
1501350287,47671750,0.26,9.16704263,sell
1501350287,47671749,0.26001,190.8287693,sell
1501350257,47671682,0.267,0.00414913,sell
1501350257,47671681,0.267,2751.103595,sell
1501350257,47671679,0.267,4001,sell
1501350257,47671676,0.267,2457.092561,sell
1501350256,47671675,0.265,200,buy
1501350256,47671674,0.26499,399.96,buy
1501350256,47671673,0.26484,190.8396947,buy
1501350243,47671657,0.26,623.2797853,sell
1501350243,47671656,0.26,50.92840058,sell
1501350243,47671655,0.26,680.4420639,sell
1501350243,47671654,0.26,67.49807024,sell
1501350242,47671653,0.26,0.55169951,buy
1501350231,47671640,0.26,190,buy
1501350201,47671592,0.26,1556.065425,buy
1501350188,47671557,0.26,936.201647,buy
1501350185,47671551,0.26,33.16335703,sell
1501350185,47671550,0.26001,1.33472901,sell
1501350185,47671549,0.26001,2.64629543,sell
1501350185,47671548,0.26001,21.53512942,sell
1501350185,47671547,0.26001,40.25982348,sell
1501350185,47671546,0.26001,20.19983457,sell
1501350185,47671545,0.26001,10.24109131,sell
1501350185,47671544,0.26001,5.19211931,sell
1501350185,47671543,0.26001,19.23,sell
1501350185,47671542,0.26002,190.5088491,sell
1501350151,47671415,0.26488,493.4645543,buy
1501350149,47671396,0.26,166.836643,sell
1501350130,47671358,0.2673,200,buy
1501350130,47671357,0.2673,2173.353348,buy
1501350130,47671356,0.26709,247.668917,buy
1501350130,47671355,0.267,700,buy
1501350130,47671354,0.26649,135.70484,buy
1501350130,47671353,0.26624,67.01509849,buy
1501350130,47671352,0.26573,211.682835,buy
1501350130,47671351,0.2653,5000,buy
1501350130,47671350,0.2652,3599.44,buy
1501350130,47671349,0.2652,3599.44,buy
1501350130,47671348,0.26517,1799.9,buy
1501350130,47671347,0.26066,110.5017102,buy
1501350130,47671346,0.26065,192.3705827,buy
1501350116,47671320,0.25988,109.9397981,sell
1501350116,47671319,0.25988,1747.180731,sell
1501350116,47671318,0.26066,0.00413181,sell
1501350116,47671317,0.26066,1377.248332,sell
1501350116,47671316,0.26067,190.9630999,sell
1501350115,47671311,0.26068,100,sell
1501350111,47671305,0.26067,149.3589139,sell
1501350108,47671292,0.26223,164.4311455,sell
1501350107,47671287,0.26144,921.7615602,sell
