Timestamp,TradeId,Price,Amount,Type
1499558399,42178479,0.00011828,1.77130109,sell
1499558398,42178476,0.00011828,22.85795176,sell
1499558398,42178475,0.00011828,2.98147193,sell
1499558380,42178426,0.0001197,0.1,buy
1499558348,42178329,0.0001197,0.1,buy
1499558316,42178272,0.0001197,0.1,buy
1499558283,42178141,0.0001197,0.1,buy
1499558251,42178086,0.0001197,0.1,buy
1499558218,42178010,0.0001197,0.1,buy
1499558186,42177943,0.0001197,0.1,buy
1499558154,42177831,0.0001197,0.1,buy
1499558137,42177772,0.0001197,700.0,buy
1499558123,42177732,0.0001197,0.1,buy
1499558091,42177616,0.0001198,0.1,buy
1499558085,42177597,0.00011831,0.53601749,sell
1499558084,42177593,0.0001183,16.41846568,sell
1499558082,42177590,0.0001183,86.65178062,sell
1499558080,42177583,0.0001182,77.44138513,sell
1499558080,42177581,0.00011831,16.41220189,buy
1499558080,42177580,0.00011821,86.18779811,buy
1499558077,42177572,0.00011821,0.46398251,buy
1499558077,42177571,0.0001182,0.03601749,buy
1499558077,42177570,0.0001182,0.5,buy
1499558076,42177565,0.00011831,86.58645364,sell
1499558017,42177403,0.0001179,12.66272849,sell
1499558012,42177349,0.0001178,0.00056119,buy
1499558012,42177338,0.0001178,230.1,buy
1499558001,42177226,0.00011773,15.52514862,sell
1499557999,42177213,0.0001178,52.94975579,buy
1499557999,42177212,0.0001178,139.50829789,buy
1499557999,42177211,0.00011779,15.52514862,buy
1499557997,42177210,0.00011773,77.44138513,sell
1499557996,42177205,0.0001178,77.44138513,buy
1499557974,42177120,0.00011771,9.76829568,sell
1499557965,42177103,0.0001177,9.76829568,buy
1499557939,42177019,0.00011783,9.76829568,buy
1499557937,42177013,0.00011757,9.76829568,buy
1499557927,42176981,0.0001175,980.0,sell
1499557916,42176944,0.0001175,37.47781602,sell
1499557910,42176925,0.0001175,132.5339382,sell
1499557907,42176922,0.00011736,59.40628536,sell
1499557901,42176909,0.00011761,0.1,buy
1499557898,42176892,0.0001177,26.03915323,sell
1499557898,42176891,0.0001175,59.40628536,buy
1499557898,42176890,0.00011761,52.19321684,sell
1499557897,42176888,0.00011761,36.59227269,sell
1499557874,42176662,0.000118,37.47781602,sell
1499557873,42176652,0.000118,76.11892324,sell
1499557873,42176646,0.000118,18.93719894,sell
1499557873,42176632,0.000118,15.65783669,sell
1499557869,42176592,0.000118,39.63618367,sell
1499557867,42176575,0.0001187,0.1,buy
1499557834,42176471,0.0001184,0.1,buy
1499557830,42176453,0.000118,9.76829568,sell
1499557768,42176308,0.0001189,0.1,buy
1499557740,42176258,0.0001189,63.0,buy
1499557734,42176254,0.0001189,0.1,buy
1499557702,42176203,0.0001191,0.1,buy
1499557686,42176183,0.0001185,261.40484021,buy
1499557638,42176094,0.00011949,0.1,buy
1499557619,42176075,0.0001189,15.1392767,buy
1499557617,42176073,0.000118,1738.639,sell
1499557605,42176063,0.00011959,0.1,buy
1499557603,42176058,0.0001197,14290.61630407,buy
1499557603,42176057,0.0001196,5000.0,buy
1499557603,42176056,0.0001188,3397.55269593,buy
1499557603,42176055,0.0001186,998.0,buy
1499557603,42176054,0.00011859,1313.831,buy
1499557572,42176033,0.00011859,0.1,buy
1499557537,42176008,0.00011859,0.1,buy
1499557519,42175996,0.000118,53.08086756,sell
1499557503,42175981,0.00011859,0.1,buy
1499557470,42175924,0.00011859,0.1,buy
1499557438,42175895,0.00011813,0.1,buy
1499557427,42175879,0.00011791,45.6731947,buy
1499557427,42175878,0.00011791,256.08611843,buy
1499557427,42175877,0.00011785,1546.9,buy
1499557427,42175876,0.00011785,39.92,buy
1499557427,42175875,0.00011785,9.98,buy
1499557427,42175874,0.00011784,1.6813905,buy
1499557427,42175873,0.00011784,19.15462095,buy
1499557427,42175872,0.00011784,13.97376637,buy
1499557427,42175871,0.00011784,33.3855791,buy
1499557427,42175870,0.00011784,0.16452726,buy
1499557427,42175869,0.00011775,19.96,buy
1499557427,42175868,0.00011774,0.21931181,buy
1499557427,42175867,0.00011774,12.90149088,buy
1499557082,42175105,0.0001176,19.14611147,buy
1499557082,42175104,0.0001176,0.11920473,buy
1499557082,42175103,0.0001176,1.42574342,buy
1499557082,42175102,0.0001176,10.93127088,buy
1499557082,42175098,0.0001176,530.612244,sell
1499557079,42175088,0.0001177,597.41141147,sell
1499557078,42175085,0.00011767,102.58858853,buy
1499556934,42174611,0.0001175,10.0,buy
1499556872,42174540,0.0001175,0.1,buy
1499556838,42174501,0.0001175,0.1,buy
1499556806,42174453,0.0001175,0.1,buy
1499556785,42174384,0.0001175,296.27329932,buy
1499556780,42174361,0.0001175,772.37131754,buy
1499556778,42174356,0.00011762,0.1859628,sell
1499556777,42174355,0.00011761,772.37131754,sell
1499556777,42174354,0.00011761,10.93127088,sell
1499556777,42174353,0.00011761,19.14611147,sell
1499556777,42174352,0.00011761,1.42574342,sell
1499556777,42174351,0.00011761,0.11920473,sell
1499556773,42174349,0.00011767,0.1,buy
1499556764,42174345,0.0001176,28.08811425,sell
1499556764,42174344,0.0001176,29.29604788,sell
1499556763,42174343,0.0001176,35.36758336,sell
1499556761,42174333,0.0001176,14.32503239,sell
1499556761,42174332,0.0001176,132.12743232,sell
1499556761,42174331,0.0001176,34.8694725,sell
1499556760,42174327,0.0001176,13.169447,sell
1499556760,42174322,0.0001176,17.23401291,sell
1499556756,42174278,0.0001175,163.69832106,buy
1499556756,42174276,0.00011706,19.35724543,sell
1499556756,42174260,0.0001175,241.19866868,buy
1499556756,42174259,0.00011706,10.72730728,sell
1499556755,42174255,0.00011706,14.98906728,sell
1499556755,42174253,0.00011706,11.40824441,sell
1499556753,42174229,0.0001175,163.69832106,buy
1499556731,42174190,0.0001175,0.91404576,buy
1499556731,42174189,0.0001175,7.00805553,buy
1499556721,42174157,0.000117,376.64901321,buy
1499556719,42174145,0.000117,5.02045023,buy
1499556719,42174143,0.000117,19.14438231,buy
1499556718,42174138,0.000117,28.75615425,buy
1499556716,42174091,0.0001167,138.83845066,sell
1499556716,42174090,0.0001167,167.65354878,sell
1499556716,42174089,0.0001167,190.61575441,sell
1499556716,42174087,0.0001167,132.55002595,sell
1499556715,42174086,0.0001167,132.55002595,sell
1499556715,42174084,0.0001167,190.32269573,sell
1499556715,42174083,0.0001167,132.55002595,sell
1499556715,42174082,0.0001167,132.55002595,sell
1499556715,42174081,0.0001167,132.55002595,sell
1499556715,42174080,0.0001167,119.19709272,sell
1499556715,42174079,0.0001167,13.169447,sell
1499556713,42174060,0.0001167,13.169447,buy
1499556713,42174059,0.00011669,167.65354878,buy
1499556713,42174058,0.00011669,138.83845066,buy
1499556713,42174057,0.00011669,190.61575441,buy
1499556713,42174043,0.00011669,190.32269553,buy
1499556713,42174042,0.00011669,132.55002595,buy
1499556713,42174041,0.00011669,132.55002595,buy
1499556713,42174040,0.00011669,132.55002595,buy
1499556713,42174039,0.00011669,132.55002595,buy
1499556713,42174038,0.00011669,132.36653972,buy
1499556713,42174037,0.00011669,132.55002595,buy
1499556713,42174031,0.0001165,1482.547119,buy
1499556712,42174023,0.0001165,1453.827181,buy
1499556712,42174020,0.0001165,1494.31109779,buy
1499556709,42173994,0.0001165,0.1,buy
1499556689,42173879,0.00011641,26.155188,sell
1499556687,42173859,0.0001164,609.241,buy
1499556687,42173858,0.0001164,2881.25015818,buy
1499556686,42173849,0.0001164,858.73765564,buy
1499556686,42173841,0.0001164,7777.0,buy
1499556686,42173840,0.0001164,4584.572066,buy
1499556686,42173839,0.0001164,3898.44012018,buy
1499556686,42173838,0.00011639,211.77551844,buy
1499556686,42173837,0.00011634,47.6522,buy
1499556686,42173836,0.0001162,2690.854188,buy
1499556676,42173785,0.0001162,0.1,buy
1499556675,42173781,0.0001162,1175.865,buy
1499556675,42173780,0.0001162,1133.180812,buy
1499556675,42173779,0.0001162,26.155188,buy
1499556674,42173774,0.00011584,50.52824501,buy
1499556674,42173773,0.00011584,288.18451499,buy
1499556674,42173772,0.00011583,232.63328822,buy
1499556642,42173687,0.0001152,0.1,buy
1499556622,42173652,0.0001151,41.69701623,buy
1499556621,42173649,0.0001151,1398.21398855,buy
1499556621,42173639,0.0001151,244.47211145,buy
1499556609,42173613,0.00011565,0.1,buy
1499556575,42173523,0.00011572,0.1,buy
1499556543,42173489,0.00011477,0.1,buy
1499556511,42173418,0.00011481,0.1,buy
1499556483,42173393,0.00011321,25.36893524,sell
1499556482,42173392,0.00011481,20.47928578,buy
1499556482,42173391,0.00011481,82.55517822,buy
1499556477,42173368,0.00011483,0.1,buy
1499556472,42173353,0.00011485,500.0,buy
1499556472,42173351,0.0001145,500.0,sell
1499556463,42173325,0.00011484,9.7927566,sell
1499556444,42173285,0.00011542,0.1,buy
1499556412,42173220,0.0001158,0.1,buy
1499556377,42173178,0.00011595,0.1,buy
1499556348,42173079,0.00011487,998.0,buy
1499556347,42173067,0.0001148,998.0,buy
1499556346,42173062,0.00011459,2.42104139,buy
1499556346,42173061,0.00011459,2522.0342633,buy
1499556344,42173056,0.00011459,0.1,buy
1499556342,42173051,0.00011459,19698.34469531,buy
1499556341,42173045,0.00011459,7777.0,buy
1499556341,42173044,0.00011458,370.741116,buy
1499556310,42172988,0.00011459,0.1,buy
1499556277,42172918,0.0001141,0.1,buy
1499556244,42172872,0.0001141,0.1,buy
1499556239,42172865,0.0001141,865.0,buy
1499556211,42172840,0.0001141,0.1,buy
1499556179,42172803,0.0001141,0.1,buy
1499556147,42172767,0.0001141,0.1,buy
1499555966,42172479,0.0001141,189.18469217,buy
1499555610,42172094,0.00011369,1.0,buy
1499555605,42172088,0.00011389,5.0,buy
1499555597,42172081,0.00011429,10.0,buy
1499555594,42172078,0.00011389,10.0,buy
1499555590,42172076,0.0001139,10.0,buy
1499555582,42172066,0.000114,300.90100299,buy
1499555522,42171984,0.00011349,140.0,sell
1499555511,42171950,0.0001133,1000.0,buy
1499555491,42171918,0.0001134,980.0,buy
1499555276,42171417,0.00011349,500.0,buy
1499555004,42170932,0.0001131,300.0,buy
1499554344,42169961,0.0001146,223.70652742,buy
1499554217,42169858,0.00011304,2341.38446101,sell
1499554124,42169765,0.00011357,500.0,sell
1499554094,42169737,0.00011437,500.0,sell
1499554086,42169732,0.00011437,13.03404381,buy
1499554086,42169731,0.00011437,315.26832309,buy
1499554086,42169730,0.00011434,98.0980981,buy
1499554086,42169729,0.00011433,73.599535,buy
1499554080,42169719,0.00011437,72.20366294,sell
1499554080,42169718,0.00011437,427.79633706,sell
1499554076,42169717,0.00011384,437.58485312,buy
1499554076,42169716,0.00011383,62.41514688,buy
1499554071,42169710,0.00011383,500.0,buy
1499554064,42169701,0.0001139,500.0,buy
1499554054,42169696,0.00011389,500.0,buy
1499554052,42169695,0.00011389,200.601003,buy
1499553978,42169653,0.0001134,1281.2761724,sell
1499553978,42169652,0.0001134,47.12500756,sell
1499553972,42169651,0.0001134,150.0,sell
1499553852,42169499,0.0001132,6709.592561,buy
1499553852,42169498,0.00011319,590.00277176,buy
1499553847,42169488,0.0001132,7108.178,buy
1499553846,42169486,0.0001132,3682.229439,buy
1499553846,42169485,0.00011319,903.18497,buy
1499553845,42169484,0.0001131,496.51233599,buy
1499553845,42169483,0.0001131,7030.408,buy
1499553844,42169479,0.0001131,5312.97966401,buy
1499553823,42169430,0.0001134,2117.81215783,buy
1499553823,42169429,0.0001134,5000.0,buy
1499553818,42169422,0.00011339,1084.07714516,buy
1499553715,42169264,0.00011399,157.8231758,buy
1499553715,42169263,0.00011385,214.285,buy
1499553620,42169159,0.00011394,0.5,buy
1499553509,42169052,0.0001119,0.00006058,buy
1499553509,42169051,0.0001119,4326.99993942,buy
1499553494,42169021,0.00011102,536.9968,sell
1499553494,42169020,0.00011104,2130.6562,sell
1499553494,42169019,0.00011105,7232.61,sell
1499553494,42169018,0.00011155,17.857142,sell
1499553484,42169007,0.000111,2954.30269053,sell
1499553484,42169006,0.000111,1500.0,sell
1499553484,42169005,0.000111,2000.0,sell
1499553484,42169004,0.00011111,5000.0,sell
1499553484,42169003,0.0001112,50000.0,sell
1499553484,42169002,0.00011121,215.0,sell
1499553484,42169001,0.00011129,15.94,sell
1499553484,42169000,0.00011151,844.83427495,sell
1499553484,42168999,0.00011152,882.016,sell
1499553484,42168998,0.00011157,21.24542124,sell
1499553484,42168997,0.0001116,5000.0,sell
1499553484,42168996,0.0001117,1000.0,sell
1499553484,42168995,0.0001121,1445.91107772,sell
1499553484,42168994,0.00011211,672.20314933,sell
1499553484,42168993,0.00011211,2110.3207,sell
1499553484,42168992,0.00011211,6878.817,sell
1499553484,42168991,0.00011256,19.451812,sell
1499553484,42168990,0.00011257,672.20314933,sell
1499553484,42168989,0.0001127,9699.7,sell
1499553472,42168955,0.000112,28.54760208,buy
1499553472,42168953,0.000112,17762.95239792,buy
1499553472,42168948,0.000112,6970.680625,sell
1499553472,42168947,0.000112,10000.0,sell
1499553472,42168946,0.000112,420.0,sell
1499553472,42168945,0.000112,446.4285714,sell
1499553472,42168944,0.00011225,900.0,sell
1499553472,42168943,0.00011231,400.0,sell
1499553472,42168942,0.0001124,1300.0,sell
1499553472,42168941,0.0001125,10.0,sell
1499553472,42168940,0.0001125,50.0,sell
1499553472,42168939,0.0001125,1500.0,sell
1499553472,42168938,0.0001126,103.24519573,sell
1499553472,42168937,0.00011263,7411.481,sell
1499553472,42168936,0.000113,200.0,sell
1499553472,42168935,0.000113,775.0,sell
1499553472,42168934,0.000113,10000.0,sell
1499553472,42168933,0.000113,16.32150442,sell
1499553472,42168932,0.00011366,17.528484,sell
1499553472,42168931,0.00011367,674.03126558,sell
1499553430,42168888,0.0001131,17917.18737442,sell
1499553430,42168887,0.0001139,26.338894,sell
1499553430,42168886,0.0001139,1101.0,sell
1499553430,42168885,0.00011399,11.73823184,sell
1499553430,42168884,0.000114,10000.0,sell
1499553430,42168883,0.000114,50.0,sell
1499553430,42168882,0.000114,25.0,sell
1499553430,42168881,0.000114,10.0,sell
1499553430,42168880,0.000114,10.0,sell
1499553430,42168879,0.000114,10.0,sell
1499553430,42168878,0.000114,10.0,sell
1499553430,42168877,0.000114,10.0,sell
1499553430,42168876,0.000114,79.6794449,sell
1499553430,42168875,0.00011401,676.58038989,sell
1499553326,42168734,0.000114,98.241357,sell
1499553325,42168728,0.000114,48.07712583,sell
1499553310,42168710,0.00011401,200.0,sell
1499553306,42168700,0.000114,174.00207227,sell
1499553306,42168699,0.000114,400.0,sell
1499553306,42168698,0.000114,127.0,sell
1499553306,42168697,0.000114,244.0,sell
1499553306,42168696,0.0001148,22.99792773,sell
1499553192,42168526,0.00011504,403.70166898,buy
1499553138,42168463,0.00011507,250.0,buy
1499553064,42168302,0.0001149,599.88724998,sell
1499553055,42168288,0.0001149,1100.11275002,sell
1499553055,42168287,0.0001149,256.0,sell
1499553055,42168286,0.00011491,599.83797878,sell
1499552957,42168150,0.0001149,44.0,buy
1499552881,42167947,0.00011481,499.26428927,sell
1499552831,42167806,0.00011481,58.28,sell
1499552810,42167786,0.0001149,6.0,buy
1499552803,42167777,0.00011481,300.0,sell
1499552777,42167761,0.0001148,77.00207227,sell
1499552777,42167760,0.00011481,0.04363578,sell
1499552777,42167759,0.0001149,450.0,buy
1499552777,42167758,0.00011481,610.9584892,sell
1499552738,42167722,0.00011481,500.0,sell
1499552706,42167685,0.00011481,500.0,sell
1499552682,42167661,0.00011481,500.0,sell
1499552580,42167539,0.00011532,475.26960615,sell
1499552579,42167534,0.00011532,607.57120914,sell
1499552579,42167531,0.00011532,235.57586504,sell
1499552579,42167527,0.00011532,304.31831967,sell
1499552578,42167519,0.00011518,677.265,buy
1499552527,42167312,0.00011532,0.05071321,sell
1499552527,42167311,0.00011532,179.94928679,sell
1499552524,42167307,0.0001145,1239.97499684,sell
1499552520,42167304,0.0001155,0.81523809,buy
1499552519,42167297,0.00011533,1367.54242328,buy
1499552519,42167296,0.00011532,1231.49127096,buy
1499552129,42166754,0.0001141,4.37254,buy
1499552129,42166752,0.0001141,928.0,buy
1499552128,42166751,0.0001141,1158.01901903,buy
1499552127,42166747,0.0001141,829.5222261,buy
1499552127,42166741,0.0001141,833.11577116,buy
1499552127,42166735,0.0001141,830.82645613,buy
1499552127,42166734,0.0001141,830.0,buy
1499552126,42166725,0.00011412,547.99252919,sell
1499552126,42166724,0.00011413,7053.739,sell
1499552126,42166723,0.0001142,19700.1,sell
1499552126,42166722,0.0001142,104.62591944,sell
1499552126,42166721,0.00011426,3750.0,sell
1499552126,42166720,0.0001143,0.13,sell
1499552126,42166719,0.00011492,11.477262,sell
1499552105,42166654,0.00011435,452.96560028,sell
1499552105,42166653,0.0001147,52.310375,sell
1499552105,42166652,0.00011494,333.09004698,sell
1499552037,42166579,0.0001156,165.574296,buy
1499551886,42166442,0.000115,10000.0,sell
1499551886,42166441,0.000115,150.0,sell
1499551886,42166440,0.000115,4784.99163355,sell
1499551886,42166439,0.00011501,47.8,sell
1499551886,42166438,0.00011512,9533.04920258,sell
1499551884,42166436,0.0001156,134.425704,buy
1499551820,42166373,0.00011512,466.95079742,sell
1499551820,42166372,0.0001155,0.04920258,sell
1499551806,42166364,0.0001155,599.95079742,sell
1499551806,42166363,0.0001155,162.95063215,sell
1499551761,42166328,0.000116,2.0,buy
1499551714,42166294,0.00011562,5.0,sell
1499551705,42166290,0.00011551,10.0,sell
1499551696,42166275,0.00011551,5.0,sell
1499551686,42166265,0.0001155,5.0,sell
1499551684,42166259,0.00011551,501.02912193,sell
1499551679,42166248,0.00011551,5.0,sell
1499551672,42166242,0.00011562,5.0,sell
1499551661,42166227,0.000116,125.0,buy
1499551657,42166217,0.0001155,199.534376,sell
1499551631,42166109,0.000116,82.67621602,buy
1499551600,42166077,0.0001155,632.51499185,sell
1499551600,42166076,0.0001155,75.0,sell
1499551600,42166075,0.00011551,538.97704074,sell
1499551547,42165982,0.00011642,498.148558,sell
1499551543,42165978,0.00011625,280.86822437,sell
1499551543,42165977,0.00011637,0.29305868,sell
1499551543,42165976,0.00011637,0.18348623,sell
1499551543,42165975,0.00011637,1.40652587,sell
1499551543,42165974,0.00011639,2.24701402,sell
1499551543,42165973,0.00011639,10.78388436,sell
1499551543,42165972,0.00011639,17.22693439,sell
1499551543,42165971,0.00011639,58.49249376,sell
1499551543,42165970,0.0001164,74.99960417,sell
1499551543,42165969,0.00011647,82.67621602,sell
1499551509,42165887,0.00011682,22.96220563,sell
1499551419,42165705,0.00011622,57.07387687,sell
1499551419,42165704,0.00011623,17.22693439,sell
1499551419,42165676,0.0001171,92.33566434,buy
1499551411,42165669,0.00011719,6.28842471,buy
1499551411,42165667,0.00011719,51.77730375,buy
1499551397,42165583,0.00011721,51.77730375,sell
1499551397,42165582,0.00011721,6.28842471,sell
1499551387,42165532,0.00011611,142.12620039,sell
1499551387,42165530,0.00011611,57.63598011,sell
1499551387,42165529,0.0001172,51.77730375,sell
1499551387,42165528,0.0001172,6.28842471,sell
1499551382,42165512,0.00011721,21.87379961,buy
1499551382,42165511,0.00011719,142.12620039,buy
1499551370,42165465,0.000116,76.73949344,sell
1499551369,42165464,0.000116,10.03900191,sell
1499551369,42165463,0.000116,0.16997806,sell
1499551368,42165453,0.000116,1.64041066,sell
1499551363,42165435,0.00011722,142.16036427,buy
1499551363,42165434,0.00011722,76.73949344,buy
1499551363,42165433,0.00011722,0.16997806,buy
1499551363,42165432,0.00011722,10.03900191,buy
1499551363,42165431,0.00011722,1.64041066,buy
1499551360,42165420,0.000116,0.4651589,sell
1499551357,42165412,0.000116,1.99503764,sell
1499551355,42165402,0.00011554,1.07070622,sell
1499551355,42165401,0.00011554,2.09503518,sell
1499551355,42165400,0.00011554,2.24701402,sell
1499551355,42165399,0.00011579,1.30293466,sell
1499551355,42165398,0.00011579,0.56639183,sell
1499551354,42165385,0.00011579,0.1507907,sell
1499551353,42165382,0.00011579,5.9541652,sell
1499551353,42165371,0.00011578,32.36375592,sell
1499551352,42165350,0.0001172,230.74924834,sell
1499551352,42165349,0.0001172,32.29469214,sell
1499551348,42165322,0.00011723,262.806619,buy
1499551348,42165321,0.0001172,19.48261161,sell
1499551348,42165320,0.0001172,6.28842471,sell
1499551347,42165307,0.000117,0.4651589,buy
1499551342,42165275,0.00011551,38.583841,sell
1499551338,42165261,0.00011554,328.34530076,sell
1499551337,42165214,0.00011552,386.61860685,sell
1499551336,42165211,0.00011725,39.74351643,buy
1499551336,42165210,0.00011725,11.44944592,buy
1499551336,42165209,0.00011725,0.86014947,buy
1499551336,42165208,0.00011725,80.29506489,buy
1499551336,42165207,0.00011725,1.49342839,buy
1499551329,42165190,0.00011724,36.03946138,sell
1499551329,42165186,0.00011724,22.88852099,sell
1499551329,42165185,0.00011727,8.94829634,buy
1499551329,42165184,0.00011727,0.1507907,buy
1499551329,42165183,0.00011727,19.15462095,buy
1499551329,42165182,0.00011727,1.07070622,buy
1499551329,42165181,0.00011727,1.64041066,buy
1499551329,42165180,0.00011727,5.9541652,buy
1499551329,42165179,0.00011727,1.99503764,buy
1499551329,42165178,0.00011727,0.16452726,buy
1499551329,42165177,0.00011727,12.90149088,buy
1499551329,42165176,0.00011727,0.21931181,buy
1499551329,42165175,0.00011727,1.6813905,buy
1499551329,42165174,0.00011727,98.75406226,buy
1499551329,42165173,0.00011727,13.88430305,buy
1499551329,42165169,0.00011727,4.77845545,buy
1499551329,42165167,0.00011724,171.82126597,sell
1499551329,42165166,0.00011724,257.96917383,sell
1499551328,42165150,0.00011724,22.89905054,sell
1499551327,42165144,0.00011727,14.7228206,buy
1499551327,42165143,0.00011727,0.56639183,buy
1499551327,42165142,0.00011727,4.3420492,buy
1499551327,42165141,0.00011727,68.14813876,buy
1499551327,42165140,0.00011727,21.5808338,buy
1499551327,42165130,0.00011727,1.58783609,buy
1499551326,42165122,0.00011727,164.76930978,buy
1499551326,42165121,0.00011727,81.59083484,buy
1499551326,42165106,0.00011727,2.95395584,buy
1499551326,42165105,0.00011727,31.15691789,buy
1499551325,42165100,0.00011727,53.00434893,sell
1499551325,42165099,0.00011728,6.59424453,sell
1499551325,42165098,0.00011728,1.49342839,sell
1499551325,42165097,0.00011728,11.44944592,sell
1499551325,42165096,0.00011728,0.86014947,sell
1499551325,42165095,0.00011728,39.74351643,sell
1499551325,42165094,0.00011728,22.61736654,sell
1499551325,42165093,0.00011728,0.22139552,sell
1499551325,42165092,0.00011728,1.69736571,sell
1499551325,42165090,0.00011728,20.20964678,sell
1499551325,42165086,0.00011728,13.02357421,sell
1499551325,42165084,0.00011728,22.52571613,sell
1499551318,42165059,0.00011551,1139.8445,sell
1499551318,42165058,0.00011724,4.77845545,sell
1499551318,42165057,0.00011726,166.51911347,sell
1499551318,42165052,0.00011551,534.988,sell
1499551318,42165051,0.0001159,511.0,sell
1499551318,42165050,0.00011613,20.0,sell
1499551318,42165047,0.0001162,3.18976032,buy
1499551318,42165046,0.00011726,21.5808338,sell
1499551318,42165045,0.00011726,87.77940039,sell
1499551318,42165044,0.00011726,1.58783609,sell
1499551317,42165039,0.00011662,0.5120694,sell
1499551317,42165038,0.00011662,3.92577957,sell
1499551317,42165037,0.00011662,0.62322824,sell
1499551317,42165036,0.00011662,0.41602955,sell
1499551317,42165035,0.00011663,0.11218967,sell
1499551317,42165034,0.00011663,0.20711279,sell
1499551317,42165033,0.0001167,0.5146465,sell
1499551317,42165032,0.00011671,3.94519371,sell
1499551317,42165031,0.00011682,0.19482862,sell
1499551317,42165030,0.00011691,0.38527617,sell
1499551317,42165029,0.00011694,0.13950691,sell
1499551317,42165028,0.00011695,29.95945365,sell
1499551317,42165027,0.00011695,12.17368806,sell
1499551317,42165026,0.00011695,30.09775792,sell
1499551317,42165025,0.00011697,1.07925553,sell
1499551317,42165024,0.00011697,87.77940039,sell
1499551317,42165023,0.00011698,21.5808338,sell
1499551317,42165022,0.00011698,166.51911347,sell
1499551317,42165021,0.00011698,630.980307,sell
1499551317,42165020,0.00011725,18.96614072,sell
1499551317,42165019,0.00011725,230.74924834,sell
1499551317,42165018,0.00011725,280.86822437,sell
1499551317,42165017,0.00011725,4.77845545,sell
1499551317,42165016,0.00011725,3.18976032,sell
1499551317,42165015,0.00011726,2.95395584,sell
1499551317,42165014,0.00011726,6.59424453,sell
1499551317,42165013,0.00011726,1.49342839,sell
1499551317,42165012,0.00011726,11.44944592,sell
1499551317,42165011,0.00011726,0.86014947,sell
1499551317,42165010,0.00011726,80.29506489,sell
1499551317,42165009,0.00011726,39.74351643,sell
1499551317,42165008,0.00011727,1065.988,sell
1499551301,42164967,0.0001182,36.63499699,buy
1499551301,42164964,0.0001182,10.08657894,buy
1499551301,42164963,0.00011818,0.1507907,buy
1499551301,42164962,0.00011818,13.97376637,buy
1499551301,42164961,0.00011818,0.10268377,buy
1499551301,42164960,0.00011818,0.14095214,buy
1499551299,42164955,0.0001181,16.50360037,buy
1499551285,42164900,0.00011697,4.59476994,sell
1499551261,42164726,0.0001165,1284.27712118,sell
1499551261,42164725,0.00011641,628.72550917,buy
1499551261,42164723,0.00011641,860.12019573,buy
1499551261,42164719,0.00011641,3.66208184,buy
1499551260,42164705,0.00011772,5.73070412,sell
1499551260,42164704,0.00011772,10.88160121,sell
1499551260,42164703,0.00011772,4.43686526,sell
1499551260,42164702,0.00011772,1.41934664,sell
1499551260,42164701,0.00011772,8.11611374,sell
1499551260,42164700,0.00011776,9.64392557,sell
1499551260,42164699,0.00011776,7.2279113,sell
1499551260,42164698,0.00011776,0.94278943,sell
1499551260,42164697,0.00011776,4.6722241,sell
1499551260,42164696,0.00011776,15.0908937,sell
1499551260,42164695,0.00011776,5.35595802,sell
1499551260,42164694,0.00011777,49.92214146,sell
1499551260,42164693,0.00011828,684.801845,sell
1499551260,42164692,0.00011828,95.198155,sell
1499551260,42164691,0.00011829,626.87600416,sell
1499551167,42164540,0.0001186,87.0,buy
1499551154,42164522,0.0001186,300.0,buy
1499551139,42164514,0.0001185,53.41016684,sell
1499551139,42164513,0.0001185,10.0,sell
1499551139,42164512,0.0001185,20.0,sell
1499551136,42164499,0.00011879,47.2412661,buy
1499550955,42164324,0.0001188,5774.2521043,buy
1499550875,42164251,0.0001187,2453.72233315,buy
1499550847,42164222,0.0001187,100.301003,buy
1499550792,42164135,0.0001187,55.657877,buy
1499550739,42164026,0.0001187,285.0,buy
1499550677,42163907,0.0001187,1.31878685,buy
1499550542,42163738,0.0001188,1.001001,buy
1499550496,42163709,0.0001188,249.5,buy
1499550485,42163698,0.0001188,577.69419877,buy
1499550485,42163697,0.0001185,425.30680422,buy
1499550437,42163619,0.0001185,700.0,buy
1499550436,42163616,0.0001185,701.44303797,buy
1499550372,42163548,0.0001185,1.001001,buy
1499550369,42163533,0.0001185,424.77021097,buy
1499550299,42163449,0.00011827,539.97800701,sell
1499550244,42163396,0.0001187,643.47894584,sell
1499550236,42163390,0.0001187,115.42292082,sell
1499550235,42163386,0.0001187,372.96531288,sell
1499550235,42163385,0.0001187,67.54259183,sell
1499550234,42163382,0.0001187,241.82565042,sell
1499550232,42163378,0.0001187,198.72441945,sell
1499550214,42163358,0.0001187,441.9073383,buy
1499550208,42163355,0.0001187,58.0926617,buy
1499550208,42163354,0.00011869,241.9073383,buy
1499550166,42163307,0.00011847,241.9149123,sell
1499550069,42163247,0.00011879,96.75079044,buy
1499550040,42163228,0.00011884,53.98152867,buy
1499550040,42163226,0.00011827,44.84353903,sell
1499550040,42163225,0.00011827,115.46727488,sell
1499550033,42163215,0.00011826,100.67658796,sell
1499550033,42163214,0.00011826,83.42560934,sell
1499550033,42163213,0.00011827,1.25790334,sell
1499550033,42163212,0.00011827,41.06254231,sell
1499550032,42163211,0.00011827,35.82049763,sell
1499550032,42163210,0.00011827,2.36932972,sell
1499550032,42163209,0.0001188,96.75079044,sell
1499550032,42163208,0.0001188,98.8250677,sell
1499550032,42163207,0.0001188,115.46727488,sell
1499550031,42163202,0.0001188,0.23,sell
1499550013,42163177,0.00011884,205.90648072,buy
1499550009,42163171,0.00011884,68.0506635,buy
1499550009,42163170,0.00011877,19.96,buy
1499549993,42163109,0.00011816,2039.99707767,buy
1499549993,42163108,0.00011816,646.06832437,buy
1499549993,42163107,0.00011816,103.89360748,buy
1499549990,42163104,0.00011816,100.0,buy
1499549969,42163094,0.00011816,110.91568737,buy
1499549969,42163092,0.00011816,96.09817197,buy
1499549895,42163042,0.00011816,133.69609004,buy
1499549895,42163041,0.00011816,96.82312119,buy
1499549893,42163034,0.00011816,102.4271327,buy
1499549893,42163030,0.00011816,147.2472918,buy
1499549787,42162940,0.00011816,198.63634828,buy
1499549787,42162937,0.00011816,200.66100457,buy
1499549695,42162847,0.00011816,103.5302979,buy
1499549684,42162835,0.00011652,25.0,sell
1499549672,42162812,0.00011616,513.652935,sell
1499549669,42162799,0.00011616,6991.523,sell
1499549669,42162798,0.000117,335.71965812,sell
1499549669,42162797,0.00011701,335.68609,sell
1499549669,42162796,0.000118,327.06832955,sell
1499549669,42162795,0.000118,50.0,sell
1499549646,42162743,0.0001187,561.0,buy
1499549639,42162736,0.0001187,395.6072226,sell
1499549639,42162735,0.0001187,597.02712721,sell
1499549629,42162713,0.0001187,13.18962798,sell
1499549628,42162710,0.0001187,13.18962798,sell
1499549626,42162705,0.0001187,13.18962798,sell
1499549624,42162692,0.0001187,0.2387191,sell
1499549624,42162691,0.0001187,1.82961678,sell
1499549624,42162690,0.0001187,14.02734347,sell
1499549606,42162661,0.0001187,94.89450285,sell
1499549533,42162541,0.0001187,46.44334285,sell
1499549533,42162538,0.0001187,21.04020741,sell
1499549528,42162523,0.0001187,18.89895399,sell
1499549527,42162520,0.0001187,34.12966045,sell
1499549527,42162518,0.0001187,3.10552558,sell
1499549527,42162517,0.0001187,0.67310858,sell
1499549526,42162515,0.0001187,5.16016143,sell
1499549526,42162514,0.0001187,62.83308993,sell
1499549522,42162512,0.0001187,44.00001523,sell
1499549522,42162511,0.0001187,4.2899884,sell
1499549522,42162510,0.0001187,68.97061575,sell
1499549522,42162509,0.0001187,21.0191672,sell
1499549522,42162508,0.0001187,32.8897988,sell
1499549522,42162507,0.0001187,10.17965091,sell
1499549521,42162504,0.0001187,0.47205277,sell
1499549521,42162502,0.00011867,34.12966045,buy
1499549521,42162501,0.00011867,18.89895399,buy
1499549521,42162500,0.00011867,3.10552558,buy
1499549521,42162499,0.00011867,0.67310858,buy
1499549521,42162498,0.00011867,62.83308993,buy
1499549521,42162497,0.00011867,5.16016143,buy
1499549521,42162496,0.00011805,31.31080908,sell
1499549521,42162495,0.00011805,4.08403327,sell
1499549520,42162494,0.00011805,34.02350874,sell
1499549511,42162437,0.00011883,45.91674559,sell
1499549511,42162435,0.00011883,258.351509,sell
1499549510,42162432,0.00011883,30.73174541,buy
1499549506,42162421,0.0001187,66.14623958,buy
1499549506,42162420,0.00011866,51.76275837,buy
1499549338,42162297,0.000118,13.0321455,sell
1499549332,42162293,0.000118,273.0,buy
1499549332,42162292,0.000118,80.98253381,buy
1499549212,42162166,0.000118,2408.53942587,buy
1499549212,42162165,0.000118,13.0321455,buy
1499549168,42162114,0.0001173,59.68310271,sell
1499549135,42161987,0.0001172,1.18179539,sell
1499549134,42161983,0.00011711,1.18179539,sell
1499549134,42161981,0.00011711,1.18169971,sell
1499548917,42161650,0.00011715,0.00469484,sell
1499548917,42161647,0.00011715,210.0,sell
1499548892,42161626,0.00011729,400.0,buy
1499548873,42161585,0.0001174,487.911505,buy
1499548872,42161584,0.0001174,12.10059574,buy
1499548872,42161578,0.00011749,80.0,buy
1499548870,42161570,0.0001175,1000.9969476,buy
1499548864,42161567,0.0001177,123.32615254,buy
1499548859,42161560,0.00011797,123.32615254,sell
1499548856,42161524,0.0001167,2542.3423858,sell
1499548843,42161438,0.00011795,100.0,buy
1499548724,42161337,0.0001175,2510.0,sell
1499548660,42161274,0.00011789,160.39333277,buy
1499548463,42161118,0.0001164,25.929127,sell
1499548463,42161117,0.0001164,229.97,sell
1499548427,42161051,0.000117,4100.958154,buy
1499548426,42161050,0.00011708,209.408846,sell
1499548426,42161047,0.0001176,636.661242,buy
1499548426,42161044,0.0001176,918.014356,buy
1499548426,42161043,0.00011759,2044.4703,buy
1499548426,42161042,0.0001172,25.929127,buy
1499548426,42161041,0.00011708,2044.4703,buy
1499548425,42161032,0.000116,4689.04418544,buy
1499548422,42161029,0.000116,1268.26724137,buy
1499548418,42161021,0.000116,606.251,buy
1499548418,42161020,0.000116,632.526,buy
1499548418,42161019,0.000116,1235.573,buy
1499548417,42161010,0.00011599,604.97,buy
1499548346,42160873,0.000116,0.023,sell
1499548346,42160872,0.000116,176.9,sell
1499548337,42160871,0.00011595,123.077,buy
1499548325,42160858,0.000116,35.7787,buy
1499548314,42160840,0.0001155,25.0,sell
1499548265,42160740,0.00011638,361.7128416,buy
1499548038,42160424,0.0001151,4257.61,sell
1499547933,42160303,0.00011558,202.407002,sell
1499547933,42160302,0.00011559,742.65500797,sell
1499547933,42160301,0.00011559,641.61352167,sell
1499547901,42160269,0.0001168,707.15360161,buy
1499547722,42160145,0.0001167,0.05271767,sell
1499547722,42160144,0.0001167,19.94728233,sell
1499547700,42160127,0.00011501,683.30664375,sell
1499547695,42160125,0.000115,215.00836645,sell
1499547695,42160124,0.000115,313.04347826,sell
1499547695,42160123,0.000115,1.0,sell
1499547695,42160122,0.000115,2.0,sell
1499547695,42160121,0.000115,1.0,sell
1499547695,42160120,0.000115,10.0,sell
1499547695,42160119,0.000115,10.0,sell
1499547695,42160118,0.000115,50.0,sell
1499547695,42160117,0.000115,9.220297,sell
1499547681,42160068,0.000115,18.779703,sell
1499547681,42160067,0.00011501,123.2,sell
1499547681,42160066,0.00011505,40.0,sell
1499547681,42160065,0.0001151,26.064291,sell
1499547680,42160056,0.00011536,72.89166312,sell
1499547678,42160043,0.00011536,207.83594999,sell
1499547675,42160033,0.00011709,20.0,buy
1499547671,42160030,0.00011536,1262.596806,sell
1499547668,42160028,0.00011536,6.67558089,sell
1499547668,42160027,0.00011536,20.0,sell
1499547668,42160026,0.0001157,51.858253,sell
1499547668,42160025,0.000116,171.37839211,sell
1499547666,42160022,0.000116,249.66231357,sell
1499547666,42160021,0.0001175,10.0,buy
1499547666,42160020,0.000116,9578.95929432,sell
1499547666,42160019,0.000116,154.0,sell
1499547666,42160018,0.000116,267.0,sell
1499547666,42160017,0.0001162,0.04070568,sell
1499547665,42160016,0.0001162,11.1,sell
1499547665,42160015,0.0001165,5.0,sell
1499547632,42159972,0.0001171,324.29392321,buy
1499547609,42159949,0.0001179,10.0,buy
1499547602,42159944,0.00011719,98.04399323,buy
1499547587,42159932,0.0001171,490.0,buy
1499547564,42159901,0.0001167,0.0492,sell
1499547564,42159900,0.0001167,507.9,sell
1499547559,42159883,0.0001167,0.0508,sell
1499547559,42159882,0.00011671,507.9492,sell
1499547559,42159880,0.000117,0.0273903,sell
1499547558,42159879,0.000117,3840.2,sell
1499547552,42159873,0.00011889,10.0,buy
1499547543,42159849,0.000117,6159.7726097,sell
1499547543,42159848,0.000117,1.0,sell
1499547543,42159847,0.000117,1.0,sell
1499547543,42159846,0.000117,1.0,sell
1499547543,42159845,0.000117,1.0,sell
1499547543,42159844,0.000117,5.0,sell
1499547543,42159843,0.000117,5.0,sell
1499547543,42159842,0.000117,5.0,sell
1499547543,42159841,0.0001171,28.37694278,sell
1499547543,42159840,0.0001171,1352.04749872,sell
1499547543,42159839,0.00011728,0.0469488,sell
1499547540,42159833,0.00011729,1000.0,buy
1499547515,42159797,0.00011728,8640.89225652,sell
1499547453,42159753,0.00011726,2.0,buy
1499547449,42159750,0.00011726,2.0,buy
1499547442,42159745,0.00011728,5.0,buy
1499547420,42159720,0.0001175,20.0,buy
1499547394,42159680,0.00011716,1871.78747012,buy
1499547394,42159679,0.00011716,100.0,buy
1499547302,42159579,0.00011757,1000.0,buy
1499547275,42159560,0.0001171,7187.049,sell
1499547275,42159559,0.0001172,100.0,sell
1499547274,42159549,0.0001177,1923.56217574,sell
1499547274,42159545,0.0001177,5722.63833403,sell
1499547271,42159536,0.00011771,2332.613272,sell
1499547271,42159534,0.00011771,5667.386728,sell
1499547240,42159504,0.00011807,2000.0,buy
1499547235,42159502,0.00011807,5.0,buy
1499547225,42159476,0.00011829,10.0,buy
1499547182,42159433,0.00011836,400.0,buy
1499547174,42159422,0.00011845,60.0,buy
1499547133,42159407,0.00011876,40.56427197,buy
1499546501,42159032,0.00011908,2.4,buy
1499546484,42159022,0.00011949,15.0,buy
1499546430,42158980,0.00011979,343.26167675,buy
1499546428,42158973,0.0001178,2109.40792894,sell
1499546428,42158972,0.000118,10000.0,sell
1499546428,42158971,0.000118,424.0,sell
1499546428,42158970,0.000118,7161.17050977,sell
1499546428,42158969,0.0001181,5000.0,sell
1499546428,42158968,0.0001181,5464.93838244,sell
1499546428,42158967,0.00011811,10.0,sell
1499546428,42158966,0.00011824,2006.3733,sell
1499546428,42158965,0.00011825,7022.631,sell
1499546428,42158964,0.00011853,10.0,sell
1499546428,42158963,0.0001186,1491.83437193,sell
1499546428,42158962,0.000119,10000.0,sell
1499546428,42158961,0.000119,5.0,sell
1499546428,42158960,0.00011901,4020.0,sell
1499546428,42158959,0.00011906,1000.0,sell
1499546428,42158958,0.0001191,1.0,sell
1499546428,42158957,0.0001191,2.0,sell
1499546428,42158956,0.0001191,15.0,sell
1499546428,42158955,0.0001196,10.0,sell
1499546428,42158954,0.0001196,246.64450692,sell
1499546382,42158917,0.00011979,3.0,buy
1499546374,42158908,0.0001198,5.0,buy
1499546369,42158903,0.0001198,10.0,buy
1499546342,42158876,0.0001198,50.0,buy
1499546327,42158837,0.0001198,100.0,buy
1499546304,42158805,0.0001198,249.03037383,buy
1499546086,42158647,0.0001198,5.0,buy
1499546072,42158637,0.0001198,24.0,buy
1499546016,42158563,0.0001198,24.0,buy
1499545815,42158414,0.0001196,166.0,sell
1499545804,42158404,0.0001197,250.0,sell
1499545803,42158401,0.0001196,14.16488581,sell
1499545803,42158400,0.00011969,235.83511419,sell
1499545801,42158398,0.0001197,250.0,sell
1499545798,42158394,0.0001197,250.0,sell
1499545796,42158393,0.0001197,247.0,sell
1499545796,42158392,0.0001197,0.5,sell
1499545796,42158391,0.0001197,0.5,sell
1499545796,42158390,0.0001197,1.0,sell
1499545796,42158389,0.0001197,1.0,sell
1499545770,42158379,0.0001198,582.58075727,sell
1499545770,42158378,0.0001198,5.0,sell
1499545770,42158377,0.0001198,5.0,sell
1499545770,42158376,0.0001198,5.0,sell
1499545770,42158375,0.0001198,2872.67400878,sell
1499545751,42158367,0.0001198,116.858436,sell
1499545689,42158327,0.0001198,2500.0,sell
1499545651,42158306,0.0001198,102.21821772,sell
1499545651,42158305,0.00011983,592.41063967,sell
1499545651,42158304,0.00011983,805.37114261,sell
1499545294,42158134,0.0001199,0.82,buy
1499545285,42158111,0.00011982,26.0,sell
1499545239,42158064,0.0001199,26.0,buy
1499545217,42158032,0.0001199,49.04687239,buy
1499545179,42158000,0.0001199,2.0,buy
1499545078,42157954,0.0001199,80.0,buy
1499545037,42157926,0.0001199,500.0,buy
1499545027,42157921,0.0001199,1.0,buy
1499545026,42157918,0.0001199,0.1,buy
1499544992,42157896,0.0001199,0.2,buy
1499544963,42157832,0.0001199,100.0,buy
1499544960,42157831,0.0001198,2042.56919473,sell
1499544938,42157814,0.0001198,83.56527,sell
1499544933,42157802,0.0001198,835.619957,sell
1499544790,42157737,0.0001199,166.60951719,buy
1499544776,42157724,0.0001199,350.0,buy
1499544757,42157715,0.0001199,555.63734769,buy
1499544757,42157714,0.0001199,551.26730448,buy
1499544699,42157671,0.0001199,413.18857381,buy
1499544696,42157670,0.0001199,10.0,buy
1499544049,42157242,0.0001199,130.0,buy
1499543966,42157150,0.0001199,31946.70525,buy
1499543785,42156995,0.0001199,118.78646994,buy
1499543785,42156994,0.00011988,388.94005006,buy
1499543744,42156980,0.0001198,10285.28397418,sell
1499543635,42156814,0.0001198,24.0,sell
1499543628,42156803,0.0001198,1217.85023097,buy
1499543628,42156802,0.00011979,463.50787256,buy
1499543599,42156786,0.0001198,5.0,buy
1499543544,42156767,0.0001198,5.03402591,buy
1499543541,42156763,0.0001198,98.70617696,buy
1499543526,42156757,0.0001198,0.50475756,buy
1499543501,42156740,0.0001198,8.97903493,buy
1499543496,42156730,0.0001198,9.07918934,buy
1499543441,42156706,0.00011969,65.982155,sell
1499543386,42156659,0.00011987,100.0,buy
1499543386,42156658,0.00011987,100.0,buy
1499543385,42156656,0.00011987,100.0,buy
1499543385,42156655,0.00011987,53.9644908,buy
1499543385,42156654,0.00011986,46.0355092,buy
1499543384,42156653,0.00011986,100.0,buy
1499543380,42156648,0.00011986,100.0,buy
1499543362,42156635,0.00011969,198.18273081,sell
1499543362,42156634,0.00011969,99.91249559,sell
1499543362,42156633,0.00011983,0.0447736,sell
1499543312,42156601,0.00011987,135.251843,buy
1499543312,42156600,0.00011986,4.0,buy
1499543293,42156591,0.00011983,200.78494585,sell
1499543240,42156535,0.00011983,928.363778,sell
1499543225,42156503,0.00011983,69.37161959,sell
1499543190,42156471,0.00011983,19.21504594,sell
1499543132,42156402,0.00011983,826.629,sell
1499543132,42156401,0.00011983,96.6,sell
1499543078,42156341,0.00011986,29.02,buy
1499543019,42156278,0.00011986,299.42,buy
1499543016,42156276,0.00011983,299.42,sell
1499542944,42156218,0.00011987,104.81337394,buy
1499542944,42156217,0.00011986,499.16662606,buy
1499542887,42156131,0.00011983,301.99,sell
1499542876,42156113,0.00011983,301.99,sell
1499542813,42156013,0.00011987,1500.0,buy
1499542780,42155932,0.00011987,3337.42015008,buy
1499542780,42155931,0.00011986,462.57984992,buy
1499542743,42155901,0.00011987,1283.266168,buy
1499542743,42155900,0.00011983,998.0,buy
1499542628,42155840,0.00011987,200.0,sell
1499542550,42155772,0.00011988,250.0,buy
1499542136,42155227,0.00011988,749.94994994,buy
1499542124,42155208,0.00011988,100.0,buy
1499542062,42155126,0.00011987,1.0,buy
1499542053,42155113,0.00011987,1.0,buy
1499542048,42155112,0.00011987,2.0,buy
1499541957,42155021,0.00011969,1.08750441,sell
1499541928,42154984,0.0001196,189.68001706,buy
1499541928,42154983,0.00011959,425.31998294,buy
1499541882,42154933,0.0001198,2.211,buy
1499541710,42154758,0.0001199,378.01351125,buy
1499541710,42154757,0.00011989,481.99428371,buy
1499541223,42154381,0.0001186,208.16562807,sell
1499541223,42154380,0.0001187,1.0,sell
1499541223,42154379,0.0001187,1.0,sell
1499541223,42154378,0.0001187,1.0,sell
1499541223,42154377,0.0001187,1.0,sell
1499541223,42154376,0.0001187,0.68280157,sell
1499541223,42154375,0.00011878,0.26,sell
1499541223,42154374,0.00011891,6.89157036,sell
1499541202,42154359,0.00011905,6834.27912034,buy
1499540867,42154032,0.00011905,705.80086457,buy
1499540866,42154027,0.00011904,505.94587239,buy
1499540854,42154018,0.00011905,93.0,buy
1499540827,42154011,0.00011891,0.93882011,sell
1499540800,42154001,0.00011905,2263.47753044,buy
1499540552,42153839,0.00011905,34.29,buy
1499540515,42153819,0.00011905,133.57076859,buy
1499540457,42153758,0.00011891,42.16960953,sell
1499540406,42153714,0.00011905,800.0,buy
1499540337,42153661,0.00011905,267.0,buy
1499540228,42153521,0.00011905,9300.58171606,buy
1499540228,42153520,0.00011904,699.41828394,buy
1499539971,42153368,0.00011878,1.0,buy
1499539958,42153360,0.00011878,1.0,buy
1499539934,42153339,0.0001187,0.31719843,buy
1499539772,42153221,0.00011869,408.97718819,sell
1499539772,42153216,0.0001187,418.35331257,buy
1499539769,42153206,0.0001187,81.329489,buy
1499539575,42153121,0.0001187,5.0,buy
1499539513,42153080,0.0001188,89.0,buy
1499539494,42153046,0.0001187,920.24279938,buy
1499539492,42153040,0.0001188,10.0,sell
1499539440,42153000,0.0001188,1279.20731091,buy
1499539440,42152999,0.00011879,720.79268909,buy
1499539424,42152985,0.0001188,1.0,buy
1499539414,42152982,0.00011899,2.0,buy
1499539413,42152981,0.0001188,2.0,buy
1499539402,42152976,0.0001192,10.0,buy
1499539400,42152975,0.0001192,10.0,buy
1499539398,42152972,0.0001187,920.54817581,buy
1499539398,42152971,0.0001187,10.0,buy
1499539396,42152970,0.0001188,10.0,buy
1499539394,42152963,0.0001188,10.0,buy
1499539392,42152961,0.0001188,10.0,buy
1499539391,42152960,0.0001188,10.0,buy
1499539382,42152949,0.0001188,100.0,buy
1499539352,42152942,0.0001188,200.0,buy
1499539347,42152941,0.0001188,112.69147122,buy
1499539259,42152877,0.0001187,37.81278347,buy
1499539259,42152876,0.000119,37.82780903,sell
1499539258,42152874,0.00011893,1000.0,sell
1499539257,42152872,0.000119,189.70189241,sell
1499539257,42152871,0.000119,0.02910759,sell
1499539257,42152870,0.0001191,7850.97089241,sell
1499539253,42152866,0.0001191,10000.0,sell
1499539253,42152865,0.0001191,10000.0,sell
1499539252,42152864,0.0001191,10000.0,sell
1499539247,42152861,0.0001191,10000.0,sell
1499539246,42152860,0.0001191,10000.0,sell
1499539064,42152710,0.0001191,8701.02910759,sell
1499539064,42152709,0.0001196,5.0,sell
1499539064,42152708,0.0001197,10.0,sell
1499539064,42152707,0.0001197,300.0,sell
1499539064,42152706,0.0001199,983.97089241,sell
1499539006,42152665,0.00011999,300.0,sell
1499538786,42152482,0.00011999,300.0,buy
1499538669,42152426,0.0001199,1100.0,sell
1499538552,42152338,0.00011995,23.839389,buy
1499538489,42152313,0.00011999,12.0,buy
1499538388,42152236,0.00011999,54.582,buy
1499538388,42152235,0.00011999,345.418,buy
1499538069,42152002,0.0001197,0.04895572,sell
1499537992,42151947,0.00011988,100.04167708,buy
1499537985,42151934,0.0001197,190.65003684,sell
1499537985,42151933,0.0001197,3238.0,sell
1499537961,42151912,0.00012,75.0,buy
1499537841,42151821,0.00012,16.0,buy
1499537793,42151784,0.00011999,573.93515416,buy
1499537789,42151782,0.00012,1386.07091666,buy
1499537740,42151748,0.00012,15.0,buy
1499537732,42151737,0.00011999,15.0,buy
1499537725,42151735,0.00012,15.0,buy
1499537717,42151727,0.00011999,173.044098,buy
1499537714,42151716,0.00012,5.0,buy
1499537712,42151699,0.00012,3135.81666666,buy
1499537712,42151696,0.00012,1395.25833333,buy
1499537708,42151690,0.00012,6.2,buy
1499537702,42151685,0.00011999,40.0,buy
1499537699,42151682,0.00012,1945.40833333,buy
1499537683,42151665,0.00012,7966.66791666,buy
1499537669,42151658,0.00012,2849.0,buy
1499537668,42151657,0.00012,3789.225,buy
1499537629,42151603,0.00012,1498.57740585,buy
1499537629,42151602,0.00012,2381.87512819,buy
1499537388,42151368,0.00012,10.0,buy
1499537374,42151360,0.00012,10.0,buy
1499537369,42151359,0.00012,2083.33333333,buy
1499537279,42151263,0.00012,590.0,buy
1499537133,42151117,0.00012,4.0,buy
1499536921,42151020,0.00012,100.1,buy
1499536920,42151019,0.00012,2000.0,buy
1499536711,42150791,0.00012,10.0,buy
1499536582,42150659,0.00012,100.10833333,buy
1499536581,42150655,0.00012,1069.183183,buy
1499536516,42150592,0.00011999,467.92233333,buy
1499536468,42150438,0.00012,200.0,buy
1499536423,42150249,0.00011999,100.0,buy
1499536419,42150230,0.00011999,8.0,buy
1499536385,42150146,0.00011999,100.0,buy
1499536361,42150114,0.00012,100.0,buy
1499536344,42150078,0.00012,100.0,buy
1499536215,42149889,0.00012,369.55613535,buy
1499536215,42149888,0.00011999,630.44386465,buy
1499536111,42149751,0.00012,416.3787904,buy
1499536109,42149727,0.00012,723.66164738,buy
1499536098,42149701,0.0001198,2.7011,sell
1499536098,42149700,0.00011989,1.0,sell
1499536098,42149699,0.00011989,1.0,sell
1499536098,42149698,0.00011989,1.0,sell
1499536098,42149697,0.00011989,1.0,sell
1499536098,42149696,0.00011989,1.0,sell
1499536098,42149695,0.00011989,1.0,sell
1499536098,42149694,0.00011989,1.0,sell
1499536098,42149693,0.00011989,1.0,sell
1499536098,42149692,0.00011989,1.0,sell
1499536098,42149691,0.00011989,1.0,sell
1499536097,42149688,0.00012,3382.39518482,buy
1499536097,42149683,0.00012,7.97742983,buy
1499536096,42149678,0.00012,13369.99691912,buy
1499536096,42149671,0.00012,416.10114,buy
1499536096,42149662,0.00012,200.0,sell
1499536096,42149661,0.00012,4000.0,sell
1499536096,42149660,0.00012011,83.34,sell
1499536096,42149659,0.00012016,156.7,sell
1499536096,42149658,0.00012016,156.68433,sell
1499536096,42149657,0.00012031,2000.7294,sell
1499536096,42149656,0.00012031,1203.902,sell
1499536096,42149655,0.0001204,10420.2,sell
1499535918,42149370,0.0001227,643.32247557,buy
1499535740,42149252,0.0001226,200.0,buy
1499535678,42149208,0.0001226,100.0,buy
1499535678,42149207,0.0001226,100.0,buy
1499535677,42149206,0.00012268,100.0,buy
1499535677,42149205,0.00012268,100.0,buy
1499535676,42149201,0.0001226,100.0,buy
1499535675,42149195,0.0001226,100.0,buy
1499535673,42149194,0.0001226,100.0,buy
1499535663,42149172,0.00012268,239.901,buy
1499535663,42149171,0.00012267,760.099,buy
1499535661,42149169,0.0001227,1000.0,buy
1499535659,42149166,0.0001226,1000.0,buy
1499535656,42149159,0.00012269,1000.0,buy
1499535654,42149158,0.0001214,1000.0,buy
1499535652,42149150,0.0001214,1000.0,buy
1499535641,42149140,0.0001223,3626.2,buy
1499535641,42149139,0.000122,11898.8,buy
1499535641,42149138,0.00012199,4475.0,buy
1499535633,42149130,0.0001224,7074.897517,buy
1499535633,42149129,0.00012239,7512.582,buy
1499535633,42149128,0.00012239,412.520483,buy
1499535633,42149127,0.0001223,5000.0,buy
1499535624,42149115,0.0001227,3038.455,buy
1499535624,42149114,0.000122,143.0,buy
1499535624,42149113,0.000122,263.0,buy
1499535624,42149112,0.00012145,4329.145,buy
1499535624,42149111,0.0001214,12226.4,buy
1499535614,42149098,0.00012147,3695.31310331,buy
1499535614,42149097,0.00012139,1975.197,buy
1499535614,42149096,0.00012129,1976.8253,buy
1499535614,42149095,0.00012129,99.36459669,buy
1499535614,42149094,0.0001212,12253.3,buy
1499535604,42149074,0.00012174,3556.36961788,buy
1499535604,42149073,0.00012173,76.7232,buy
1499535604,42149072,0.0001211,12.7011,buy
1499535604,42149071,0.00012,58.0,buy
1499535604,42149070,0.00012,149.0,buy
1499535604,42149069,0.00012,0.5,buy
1499535604,42149068,0.00012,273.0,buy
1499535604,42149067,0.00012,15873.70608212,buy
1499535573,42149030,0.00012,10000.0,buy
1499535566,42149019,0.00012,9444.92286434,buy
1499535566,42149018,0.00011999,555.07713566,buy
1499535559,42149015,0.00012,10000.0,buy
1499535553,42149011,0.00012,10000.0,buy
1499535542,42149010,0.00012,1000.0,buy
1499535535,42149007,0.00012,1000.0,buy
1499535436,42148896,0.00012,102.516,buy
1499535436,42148895,0.00011998,563.484,buy
1499535371,42148826,0.00011979,1.0,buy
1499535370,42148825,0.0001195,1.0,buy
1499535366,42148817,0.00011969,0.5,buy
1499535365,42148815,0.00011979,0.5,buy
1499535364,42148814,0.00011989,0.5,buy
1499535362,42148813,0.00011959,0.5,buy
1499535360,42148809,0.00011969,0.5,buy
1499535360,42148807,0.0001197,0.5,buy
1499535358,42148805,0.00011979,0.5,buy
1499535358,42148803,0.0001198,0.5,buy
1499535357,42148797,0.0001195,0.5,buy
1499535356,42148794,0.00011959,0.5,buy
1499535355,42148788,0.00011959,0.5,buy
1499535354,42148785,0.00011989,0.5,sell
1499535354,42148783,0.00011989,0.5,sell
1499535354,42148782,0.00011989,0.5,sell
1499535354,42148781,0.00011989,0.5,sell
1499535354,42148780,0.00011989,0.5,sell
1499535193,42148659,0.0001199,27.0,buy
1499535116,42148564,0.0001198,1.0,buy
1499535107,42148554,0.0001198,434.58740617,buy
1499535102,42148550,0.0001198,2.0,buy
1499535071,42148527,0.0001199,450.0,buy
1499535016,42148489,0.0001199,810.37531276,buy
1499534992,42148445,0.00012,161.0,buy
1499534988,42148439,0.00012,116.6567,buy
1499534963,42148397,0.00012,150.0,buy
1499534808,42148261,0.00012,1498.45832833,buy
1499534803,42148254,0.00012,2996.95119921,buy
1499534802,42148250,0.00012,4334.003879,buy
1499534798,42148248,0.0001199,5138.65252113,buy
1499534797,42148238,0.0001199,11321.06755628,buy
1499534780,42148222,0.0001199,112.98859649,buy
1499534780,42148221,0.0001197,986.86140351,buy
1499534780,42148220,0.00011969,0.15,buy
1499534668,42148071,0.0001196,9000.0,buy
1499534446,42147812,0.0001197,11.13859649,buy
1499534375,42147718,0.0001181,10.0,sell
1499534375,42147717,0.0001181,10.0,sell
1499534373,42147715,0.0001181,10.0,sell
1499534373,42147714,0.0001181,10.0,sell
1499534371,42147710,0.0001181,10.0,sell
1499534369,42147701,0.0001181,10.0,sell
1499534086,42147077,0.0001181,31.26212733,sell
1499533999,42146891,0.0001195,72.0,buy
1499533914,42146783,0.0001181,1990.0,sell
1499533761,42146418,0.00011853,493.86653168,buy
1499533700,42146298,0.00011853,2006.13346832,buy
1499533596,42145975,0.00011929,1.20728577,buy
1499533429,42145492,0.0001181,100.0,sell
1499533415,42145469,0.0001196,10.0,buy
1499533406,42145443,0.000118,485.03,sell
1499533406,42145442,0.00011801,3982.0,sell
1499533406,42145441,0.00011802,2032.97,sell
1499533175,42144869,0.0001194,120.10050251,buy
1499532992,42144257,0.0001195,1000.0,buy
1499532964,42144200,0.00011969,111.0,buy
1499532929,42144089,0.00011801,1000.0,sell
1499532894,42144019,0.0001181,3000.9511442,sell
1499532887,42144003,0.0001197,5.0,buy
1499532868,42143951,0.0001197,5.0,buy
1499532857,42143924,0.0001197,1.0,buy
1499532668,42143547,0.0001192,1000.0,buy
1499532633,42143517,0.0001194,594.16742488,buy
1499532633,42143516,0.00011949,594.16742489,buy
1499532632,42143511,0.0001195,807.46593,buy
1499532599,42143467,0.000119,100.0,buy
1499532452,42143306,0.00011873,1000.0,sell
1499532442,42143299,0.0001199,263.2913261,buy
1499532442,42143298,0.0001198,0.92962952,buy
1499532387,42143237,0.0001198,87.0,buy
1499532148,42143020,0.0001192,3000.0,buy
1499532134,42143012,0.0001192,244.0,buy
1499532117,42142994,0.0001192,0.1,buy
1499532117,42142993,0.0001192,0.1,buy
1499532116,42142992,0.0001192,0.1,buy
1499532116,42142990,0.0001192,0.1,buy
1499532116,42142989,0.0001192,0.1,buy
1499532111,42142985,0.0001192,1.0,buy
1499532106,42142983,0.0001192,5.0,buy
1499532104,42142982,0.0001192,5.0,buy
1499532102,42142981,0.0001192,5.0,buy
1499532101,42142980,0.0001192,5.0,buy
1499532099,42142979,0.0001192,5.0,buy
1499532098,42142978,0.0001192,5.0,buy
1499532096,42142976,0.0001192,5.0,buy
1499532094,42142975,0.0001192,5.0,buy
1499532093,42142972,0.0001192,5.0,buy
1499532092,42142970,0.0001192,5.0,buy
1499532085,42142964,0.0001192,10.0,buy
1499532080,42142943,0.00011919,10.0,buy
1499532078,42142941,0.0001192,10.0,buy
1499532077,42142940,0.0001188,10.0,buy
1499532076,42142939,0.0001188,10.0,buy
1499532074,42142938,0.0001188,10.0,buy
1499532073,42142937,0.0001188,10.0,buy
1499532071,42142936,0.00011889,10.0,buy
1499532070,42142933,0.0001189,10.0,buy
1499532069,42142930,0.0001189,10.0,buy
1499532067,42142927,0.000119,10.0,buy
1499531977,42142846,0.00011731,40.0,sell
1499531974,42142841,0.00011931,441.815,buy
1499531974,42142840,0.00011931,408.185,buy
1499531973,42142835,0.00011931,300.0,buy
1499531958,42142824,0.0001194,1930.195,buy
1499531958,42142823,0.00011939,1069.805,buy
1499531949,42142805,0.0001197,263.0,buy
1499531947,42142800,0.000118,263.0,buy
1499531911,42142755,0.0001176,8935.797225,sell
1499531889,42142722,0.0001189,0.1,buy
1499531889,42142718,0.0001189,0.1,buy
1499531887,42142715,0.00011899,0.1,buy
1499531884,42142714,0.0001191,0.1,buy
1499531884,42142713,0.00011919,0.1,buy
1499531884,42142712,0.00011919,0.1,buy
1499531884,42142711,0.00011919,0.1,buy
1499531883,42142710,0.00011919,26.7089,buy
1499531883,42142708,0.0001192,0.1,buy
1499531880,42142706,0.0001193,1640.73441687,buy
1499531871,42142696,0.0001194,1641.55063914,buy
1499531832,42142664,0.0001176,400.0,sell
1499531802,42142632,0.0001175,28.443,sell
1499531589,42142471,0.0001167,30.986,buy
1499531573,42142425,0.0001167,2352.524,buy
1499531546,42142382,0.0001167,2400.0,buy
1499531532,42142376,0.0001167,640.0,buy
1499531455,42142314,0.0001167,849.99,buy
1499531454,42142313,0.0001167,826.5,buy
1499531454,42142312,0.0001162,14.79,buy
1499531454,42142311,0.0001162,855.21,buy
1499531447,42142297,0.0001162,130.0,buy
1499531294,42142186,0.0001166,150.0,buy
1499531184,42142087,0.000116,0.5,sell
1499531184,42142086,0.000116,1507.95060345,sell
1499531184,42142085,0.000116,143.0,sell
1499531184,42142084,0.000116,257.0,sell
1499531094,42142022,0.00011949,558.9729562,buy
1499531094,42142021,0.00011949,541.0270438,buy
1499531064,42142005,0.00011601,38.6333174,sell
1499531058,42141999,0.00011799,18.3606875,buy
1499531057,42141997,0.00011681,545.79921437,sell
1499531031,42141965,0.0001195,300.0,buy
1499530971,42141866,0.00011613,13.93798863,sell
1499530946,42141830,0.00011751,25.0,sell
1499530943,42141824,0.00011791,400.0,sell
1499530943,42141823,0.00011791,103.18226906,sell
1499530895,42141785,0.000118,137.0,sell
1499530895,42141784,0.000118,267.0,sell
1499530888,42141774,0.0001181,12752.8560737,sell
1499530868,42141752,0.00011979,16.47641111,buy
1499530845,42141725,0.0001181,146.04425216,buy
1499530845,42141720,0.0001181,25.4022,sell
1499530818,42141700,0.0001197,90.0,buy
1499530777,42141652,0.0001199,1.0,buy
1499530776,42141649,0.0001199,1.0,buy
1499530742,42141622,0.0001199,3.0,buy
1499530741,42141621,0.0001199,30.0,buy
1499530717,42141602,0.00011999,50.0,sell
1499530717,42141601,0.00011829,3985.90691724,sell
1499530717,42141600,0.000119,25.0,sell
1499530717,42141599,0.00011901,446.54274776,sell
1499530717,42141598,0.0001192,42.550335,sell
1499530700,42141580,0.00011999,100.0,sell
1499530681,42141536,0.00012,75.05883333,buy
1499530641,42141485,0.00012,530.70283333,buy
1499530628,42141453,0.00012,160.62508628,buy
1499530628,42141452,0.00011999,419.37491372,buy
1499530548,42141351,0.00012,18.93272084,buy
1499530514,42141318,0.00012,9.78862689,buy
1499530513,42141317,0.00011921,25.0,sell
1499530473,42141283,0.00012,163.67525,buy
1499530470,42141281,0.00012,3.0,buy
1499530443,42141253,0.00012,9313.20159633,buy
1499530443,42141252,0.0001196,400.0,buy
1499530400,42141214,0.0001197,0.00415422,buy
1499530400,42141213,0.0001197,399.99584578,buy
1499530397,42141199,0.0001197,0.00008676,buy
1499530396,42141198,0.0001197,399.99991324,buy
1499530380,42141172,0.0001199,5.20262086,buy
1499530359,42141148,0.00012,5800.0,sell
1499530359,42141147,0.00012001,76.8,sell
1499530359,42141146,0.00012011,20.0,sell
1499530314,42141096,0.00012169,20.0,buy
1499530293,42141065,0.00012169,2.00721122,buy
1499530267,42141003,0.00012199,1000.47864579,sell
1499530250,42140992,0.0001223,2.5,buy
1499530233,42140980,0.00012199,15.0,buy
1499530207,42140937,0.00012199,10.0,buy
1499530162,42140856,0.0001197,1376.342828,sell
1499530162,42140855,0.00011999,800.0,sell
1499530162,42140854,0.00012,136.0,sell
1499530162,42140853,0.00012,257.0,sell
1499530162,42140852,0.0001202,250.0,sell
1499530146,42140808,0.00012149,850.0,buy
1499530136,42140786,0.000122,264.0,sell
1499530105,42140737,0.000124,2341.38446101,sell
1499530105,42140736,0.000124,39.97733871,sell
1499530007,42140653,0.0001244,0.04072926,sell
1499530007,42140652,0.0001244,398.56576835,sell
1499529832,42140481,0.000125,1952.0,buy
1499529832,42140480,0.00012499,4498.0,buy
1499529787,42140441,0.00012498,405.60089614,buy
1499529787,42140436,0.000123,1.39350239,buy
1499529787,42140434,0.000123,398.60649761,buy
1499529684,42140361,0.0001248,1387.38136089,buy
1499529684,42140360,0.00012464,119.88,buy
1499529610,42140234,0.0001215,1967.142,sell
1499529610,42140217,0.0001215,3833.9315184,sell
1499529609,42140200,0.00012122,198.57205257,sell
1499529609,42140199,0.00012141,7123.732,sell
1499529609,42140198,0.00012261,805.0107087,sell
1499529609,42140197,0.00012271,96.3164734,sell
1499529607,42140181,0.0001249,2513.95548,buy
1499529605,42140149,0.00012271,566.11069116,buy
1499529605,42140148,0.00012261,1656.81438657,buy
1499529605,42140146,0.00012261,291.07501343,buy
1499529605,42140137,0.0001226,446.11069116,sell
1499529605,42140136,0.0001226,446.07253118,sell
1499529604,42140116,0.00012261,1947.8894,sell
1499529604,42140115,0.00012271,120.0,sell
1499529604,42140114,0.00012272,446.06608,sell
1499529580,42140056,0.0001249,10.2,buy
1499529575,42140050,0.000125,5000.0,buy
1499529572,42140047,0.00012489,1912.2428,buy
1499529565,42140032,0.00012499,2.98361449,buy
1499529564,42140029,0.0001249,2.98361449,sell
1499529563,42140021,0.000125,4.73863911,buy
1499529562,42140017,0.0001239,4.73863911,buy
1499529562,42140015,0.0001239,2.97295988,buy
1499529562,42140014,0.00012391,4.73863911,sell
1499529562,42140013,0.00012391,2.97295988,sell
1499529562,42140012,0.00012392,2.98361449,sell
1499529562,42140011,0.00012392,2.98361449,sell
1499529553,42139956,0.00012439,1.94271859,buy
1499529553,42139954,0.0001239,141.56389868,sell
1499529553,42139940,0.0001239,24.489796,sell
1499529553,42139939,0.0001239,344.65289417,sell
1499529553,42139932,0.0001239,44.95474191,sell
1499529550,42139873,0.0001249,6492.93583281,buy
1499529550,42139872,0.0001244,576.35716719,buy
1499529548,42139809,0.0001239,4421.47430745,buy
1499529548,42139808,0.00012389,7069.293,buy
1499529548,42139807,0.00012389,318.69345,buy
1499529508,42139738,0.0001245,120.0,buy
1499529451,42139678,0.000123,335.61506068,sell
1499529451,42139677,0.0001235,24.03381932,sell
1499529449,42139667,0.0001235,25.96618068,sell
1499529449,42139666,0.0001235,578.86081932,sell
1499529443,42139657,0.0001235,6.00470718,sell
1499529442,42139653,0.0001235,6.81147822,sell
1499529442,42139651,0.0001235,10.49387478,sell
1499529442,42139650,0.0001235,10.49387478,sell
1499529438,42139639,0.0001235,17.68096462,sell
1499529431,42139636,0.0001243,130.0,buy
1499529260,42139380,0.0001235,84.51497975,sell
1499529259,42139369,0.0001235,87.06679179,sell
1499529259,42139368,0.0001237,245.81405493,sell
1499529258,42139366,0.0001248,1162.78629807,buy
1499529258,42139365,0.0001241,24.489796,buy
1499529258,42139364,0.000124,334.59636909,buy
1499529258,42139363,0.000124,260.0,buy
1499529258,42139362,0.00012394,956.854,buy
1499529258,42139361,0.0001237,245.81405493,buy
1499529234,42139329,0.00012379,0.1,buy
1499529232,42139325,0.00012394,0.1,buy
1499529231,42139322,0.00012394,0.1,buy
1499529228,42139321,0.00012395,0.1,buy
1499529227,42139320,0.00012396,0.1,buy
1499529225,42139318,0.00012393,0.1,buy
1499529223,42139315,0.00012393,0.1,buy
1499529220,42139314,0.00012393,0.1,buy
1499529213,42139308,0.00012397,1.0,buy
1499529211,42139307,0.00012354,1.0,buy
1499529210,42139305,0.00012356,0.65056543,buy
1499529210,42139304,0.00012356,1.0,buy
1499529207,42139297,0.00012359,1.0,buy
1499529201,42139290,0.0001216,300.0,sell
1499529192,42139254,0.0001238,249.41405493,sell
1499529188,42139245,0.0001237,491.6651443,sell
1499529182,42139242,0.0001237,4.16742785,sell
1499529182,42139240,0.0001237,4.16742785,sell
1499529129,42139192,0.0001237,1179.89329127,buy
1499529129,42139191,0.00012369,182.88909968,buy
1499529129,42139190,0.00012369,30.0,buy
1499529126,42139181,0.0001238,30.0,sell
1499529117,42139178,0.0001236,50.0,buy
1499529108,42139175,0.0001238,1.0,buy
1499529106,42139171,0.00012369,1.0,buy
1499529079,42139161,0.0001238,17.71639741,buy
1499529078,42139160,0.0001238,10.0,buy
1499529072,42139155,0.00012379,336.49711,buy
1499529069,42139139,0.000122,93.40466558,buy
1499529069,42139138,0.000122,91.66393442,buy
1499529068,42139137,0.000122,838.9747,buy
1499529068,42139136,0.000122,924.0433,buy
1499529060,42139126,0.0001204,1.0,sell
1499529056,42139119,0.000122,100.0,buy
1499529052,42139115,0.0001227,787.42242352,buy
1499529052,42139114,0.00012269,1024.0433,buy
1499529041,42139103,0.0001229,1.0,buy
1499529022,42139085,0.0001204,1.0,sell
1499528970,42139032,0.00012108,230.75932982,buy
1499528960,42139013,0.00012108,1243.65623586,buy
1499528960,42139012,0.00012108,356.34376414,buy
1499528914,42138902,0.0001203,55.83097974,sell
1499528914,42138901,0.00012031,120.74731942,sell
1499528899,42138878,0.0001212,261.04015748,buy
1499528887,42138826,0.00012179,156.96625925,buy
1499528860,42138732,0.00012251,307.79421855,buy
1499528858,42138716,0.0001224,200.19019019,buy
1499528857,42138708,0.0001224,307.79421855,buy
1499528855,42138695,0.00012251,48.974692,sell
1499528855,42138689,0.00012401,0.04594996,sell
1499528855,42138687,0.00012401,356.34376414,sell
1499528851,42138672,0.0001202,1558.3092212,sell
1499528851,42138671,0.000122,370.0,sell
1499528851,42138670,0.0001225,48.97959,sell
1499528851,42138669,0.000124,107.9948236,sell
1499528851,42138668,0.00012502,5.28153685,sell
1499528849,42138653,0.000124,108.0051764,sell
1499528849,42138652,0.00012401,215.9784,sell
1499528849,42138651,0.00012402,855.71042,sell
1499528849,42138650,0.000125,550.0,sell
1499528849,42138649,0.000125,430.0,sell
1499528849,42138648,0.00012501,30.0,sell
1499528849,42138647,0.00012556,4.0,sell
1499528849,42138646,0.00012556,1100.0,sell
1499528849,42138645,0.00012557,107.9948236,sell
1499528848,42138604,0.00012601,25.0,sell
1499528848,42138603,0.0001266,60.0,sell
1499528848,42138602,0.00012677,1.019125,sell
1499528848,42138601,0.00012677,5854.7493859,sell
1499528848,42138600,0.00012677,10000.0,sell
1499528848,42138599,0.00012677,10000.0,sell
1499528848,42138596,0.00012677,47.45943215,sell
1499528848,42138594,0.00012677,4097.79118195,sell
1499528848,42138593,0.00012677,5902.20881805,sell
1499528848,42138592,0.00012677,316.40427006,sell
1499528848,42138591,0.00012677,10000.0,sell
1499528848,42138589,0.00012677,41.27012218,sell
1499528847,42138586,0.00012677,7061.516,sell
1499528847,42138582,0.00012677,23.88114721,sell
1499528847,42138581,0.00012677,183.08879529,sell
1499528847,42138578,0.00012677,10000.0,sell
1499528846,42138574,0.00012677,49.27799229,sell
1499528846,42138571,0.00012677,377.7979409,sell
1499528846,42138569,0.00012677,10000.0,sell
1499528845,42138564,0.00012677,7.62069927,sell
1499528845,42138557,0.00012677,15.67139811,sell
1499528845,42138556,0.00012677,26021.26281664,sell
1499528845,42138555,0.00012677,27775.94275994,sell
1499528845,42138552,0.00012677,31.02688403,sell
1499528845,42138549,0.00012677,377.7979409,sell
1499528845,42138548,0.00012677,20.98877449,sell
1499528845,42138547,0.00012677,4.04698488,sell
1499528845,42138538,0.00012677,37.81078045,sell
1499528844,42138535,0.00012677,114.08417202,sell
1499528844,42138529,0.00012677,24.3480798,sell
1499528844,42138527,0.00012677,14.88054417,sell
1499528844,42138526,0.00012677,6768.65237882,sell
1499528843,42138525,0.00012677,2125.34731854,sell
1499528843,42138523,0.00012677,1474.41556568,sell
1499528835,42138505,0.00012677,847.993,sell
1499528835,42138500,0.00012677,6905.976,sell
1499528820,42138392,0.00012677,10000.0,sell
1499528819,42138388,0.00012677,239.61120764,sell
1499528817,42138381,0.00012677,9788.28223983,sell
1499528817,42138380,0.00012678,211.71776017,sell
1499528817,42138379,0.00012678,88.58119083,sell
1499528817,42138368,0.00012677,11.65125089,sell
1499528815,42138359,0.00012677,179.60754497,sell
1499528803,42138285,0.00012678,11.65125089,buy
1499528795,42138245,0.00012678,133.11530441,sell
1499528790,42138238,0.00012699,3.02624827,buy
1499528780,42138211,0.00012677,261.04015748,sell
1499528741,42138093,0.00012677,200.0,sell
1499528662,42137957,0.00012677,20.22575492,sell
1499528660,42137947,0.00012677,9.99,sell
1499528645,42137931,0.00012677,2500.0,buy
1499528645,42137930,0.00012677,266.28066055,buy
1499528637,42137919,0.00012677,0.1,buy
1499528636,42137918,0.00012677,0.1,buy
1499528636,42137917,0.00012677,0.1,buy
1499528635,42137916,0.00012677,0.1,buy
1499528635,42137915,0.00012677,0.1,buy
1499528630,42137909,0.00012677,1.0,buy
1499528629,42137907,0.00012677,1.0,buy
1499528627,42137904,0.00012677,1.0,buy
1499528625,42137903,0.00012677,1.0,buy
1499528624,42137902,0.00012677,1.0,buy
1499528616,42137897,0.00012677,70.0,buy
1499528554,42137781,0.00012677,100.0,buy
1499528546,42137769,0.00012677,25.0,buy
1499528513,42137731,0.00012677,211.95159255,buy
1499528512,42137729,0.00012677,211.1334989,buy
1499528509,42137725,0.00012677,576.46419685,buy
1499528502,42137718,0.00012677,1033.67005115,sell
1499528477,42137688,0.0001268,0.00439729,buy
1499528477,42137687,0.0001268,299.99560271,buy
1499528472,42137683,0.0001268,0.1418887,buy
1499528472,42137682,0.0001268,299.8581113,buy
1499528430,42137607,0.0001268,240.25541941,buy
1499528430,42137606,0.0001268,159.74458059,buy
1499528424,42137599,0.000127,2340.25541391,buy
1499528424,42137598,0.000127,400.0,buy
1499528424,42137597,0.000127,0.00442293,buy
1499528418,42137589,0.0001268,0.18918494,buy
1499528418,42137588,0.0001268,399.81081506,buy
1499528413,42137582,0.0001268,0.00392053,buy
1499528413,42137581,0.0001268,399.49607947,buy
1499528413,42137580,0.0001268,0.5,buy
1499528400,42137566,0.000127,2499.99557707,buy
1499528395,42137559,0.000127,2500.0,buy
1499528395,42137558,0.000127,0.00000526,buy
1499528373,42137533,0.000127,2499.99999474,buy
1499528373,42137532,0.000127,0.00421548,buy
1499528369,42137509,0.000127,2499.99578452,buy
1499528365,42137506,0.000127,0.00403828,buy
1499528364,42137503,0.000127,2499.99596172,buy
1499528358,42137497,0.000127,0.98386463,buy
1499528358,42137496,0.000127,2499.01613537,buy
1499528353,42137487,0.000127,391.93467654,buy
1499528353,42137486,0.000127,2108.06532346,buy
1499528347,42137483,0.00012691,100.0,sell
1499528345,42137477,0.00012795,224.86267832,buy
1499528344,42137465,0.0001269,0.00445606,buy
1499528344,42137464,0.0001269,99.99554394,buy
1499528343,42137461,0.00012796,930.0358,buy
1499528343,42137460,0.00012793,1516.233,buy
1499528343,42137459,0.0001279,10.0,buy
1499528343,42137458,0.00012735,68.7312,buy
1499528331,42137440,0.0001271,10.0,sell
1499528329,42137436,0.000127,787.0916815,buy
1499528329,42137435,0.000127,1133.67005115,buy
1499528328,42137430,0.000127,579.23826735,buy
1499528328,42137429,0.000127,25.0,buy
1499528328,42137428,0.0001269,182.85342882,buy
1499528327,42137425,0.0001269,1737.90830381,buy
1499528326,42137419,0.0001269,787.09169617,buy
1499528324,42137414,0.0001269,1737.90830381,buy
1499528323,42137409,0.0001269,787.09169617,buy
1499528323,42137408,0.0001269,2524.999995,buy
1499528322,42137402,0.0001269,2500.00983864,buy
1499528322,42137401,0.0001269,1651.0172144,buy
1499528322,42137397,0.0001269,24.99016135,buy
1499528321,42137393,0.0001269,24.99016135,buy
1499528319,42137385,0.0001269,24.99016135,buy
1499528318,42137380,0.0001269,24.99016135,buy
1499528316,42137375,0.0001269,24.98819454,buy
1499528315,42137369,0.0001269,24.9959895,buy
1499528315,42137366,0.0001269,24.98819454,buy
1499528294,42137323,0.0001269,2.0,buy
1499528265,42137259,0.0001269,150.0,buy
1499528254,42137255,0.0001263,5575.70497451,sell
1499528254,42137254,0.00012631,68.8,sell
1499528254,42137253,0.00012665,176.00656883,sell
1499528254,42137252,0.00012666,109.71952466,sell
1499528217,42137205,0.0001269,8761.2864992,buy
1499528203,42137187,0.0001269,0.9,buy
1499528192,42137166,0.0001269,2.0,buy
1499528171,42137135,0.0001278,69.99657562,buy
1499528171,42137134,0.00012732,0.00342438,buy
1499528147,42137088,0.00012732,8.78778362,buy
1499528140,42137081,0.00012796,45.5253697,buy
1499528140,42137080,0.0001274,954.4746303,buy
1499528122,42137012,0.0001274,1795.5253697,buy
1499528122,42137011,0.0001274,204.4746303,buy
1499528111,42136972,0.0001273,305.75289658,buy
1499528086,42136945,0.0001274,100.0,buy
1499528085,42136938,0.0001274,288.21036106,buy
1499528073,42136930,0.0001274,173.61734375,buy
1499528056,42136916,0.000127,500.0,sell
1499528002,42136823,0.000127,7.247518,sell
1499527992,42136815,0.0001274,31.0,buy
1499527992,42136814,0.00012739,69.0,buy
1499527958,42136780,0.000127,0.06047534,buy
1499527957,42136775,0.000127,109.71952466,buy
1499527947,42136770,0.00012694,133.60723191,buy
1499527933,42136745,0.00012694,111.34538462,buy
1499527904,42136682,0.00012694,391.29510004,buy
1499527904,42136674,0.00012694,11.66646998,buy
1499527903,42136670,0.00012694,463.414,buy
1499527901,42136664,0.00012694,30.0,buy
1499527877,42136637,0.00012694,70.0,buy
1499527866,42136615,0.00012653,11.727416,sell
1499527864,42136608,0.00012694,88.67181345,buy
1499527857,42136597,0.00012694,700.0,buy
1499527797,42136503,0.0001263,2764.42228053,buy
1499527792,42136501,0.0001263,50000.0,buy
1499527787,42136498,0.0001263,3000.0,buy
1499527773,42136476,0.0001263,173.189114,buy
1499527757,42136433,0.0001262,10.0,buy
1499527748,42136418,0.0001261,1.66738511,buy
1499527748,42136417,0.0001261,1.93008483,buy
1499527748,42136416,0.0001261,12.78328584,buy
1499527747,42136415,0.0001261,6944.861,buy
1499527745,42136408,0.0001261,2.79370115,buy
1499527745,42136407,0.0001261,1.66738511,sell
1499527745,42136406,0.0001261,12.78328584,sell
1499527745,42136405,0.0001261,1.93008483,sell
1499527743,42136394,0.0001262,905.29540992,buy
1499527743,42136393,0.0001261,23877.6,buy
1499527743,42136392,0.000126,10504.85478775,buy
1499527742,42136386,0.000126,397.07631297,buy
1499527742,42136382,0.000126,2110.66889928,buy
1499527741,42136372,0.0001261,55.0,buy
1499527736,42136363,0.00012557,1.82828484,sell
1499527735,42136362,0.00012557,2.85194455,sell
1499527735,42136360,0.00012557,0.23847194,sell
1499527728,42136350,0.0001262,3.28482459,buy
1499527728,42136349,0.0001262,10.28065912,buy
1499527728,42136348,0.0001262,10.59427731,buy
1499527724,42136344,0.00012616,6.52460785,sell
1499527723,42136336,0.00012615,8.06477003,buy
1499527723,42136335,0.00012601,6.52460785,buy
1499527723,42136333,0.00012601,5.26397911,sell
1499527722,42136331,0.00012615,49.81872257,buy
1499527721,42136323,0.00012601,0.10131205,sell
1499527721,42136309,0.00012601,5.59154925,sell
1499527721,42136308,0.00012601,0.72933251,sell
1499527721,42136307,0.00012601,0.10241404,sell
1499527721,42136305,0.00012601,0.78517431,sell
1499527721,42136302,0.00012601,0.77672575,sell
1499527721,42136300,0.00012601,6.01966971,sell
1499527721,42136299,0.00012601,0.70837937,sell
1499527721,42136297,0.00012601,5.43090856,sell
1499527720,42136292,0.00012601,0.7869777,sell
1499527720,42136290,0.00012601,6.0334957,sell
1499527720,42136289,0.00012601,0.10264926,sell
1499527720,42136286,0.00012601,0.20731128,sell
1499527720,42136285,0.00012601,1.58938644,sell
1499527720,42136284,0.00012601,13.74418253,sell
1499527720,42136283,0.00012601,0.23383297,sell
1499527720,42136280,0.00012601,1.79271946,sell
1499527711,42136269,0.00012614,1100.70130854,buy
1499527711,42136268,0.00012613,8.73684028,buy
1499527708,42136267,0.00012615,0.32599049,buy
1499527695,42136258,0.00012619,50.0,buy
1499527677,42136243,0.0001262,50.0,buy
1499527638,42136184,0.0001262,114.0,buy
1499527600,42136125,0.0001262,277.0,buy
1499527600,42136123,0.0001262,2.13316736,buy
1499527600,42136120,0.0001262,16.63803792,buy
1499527599,42136109,0.0001262,14.73044062,buy
1499527599,42136106,0.0001262,15.43396055,buy
1499527599,42136091,0.0001262,16.59785947,buy
1499527599,42136090,0.0001262,16.63873332,buy
1499527599,42136087,0.0001262,15.37890383,buy
1499527599,42136084,0.0001262,15.3570991,buy
1499527598,42136079,0.0001262,2.22746732,buy
1499527598,42136073,0.0001262,16.63114361,buy
1499527598,42136066,0.0001262,7480.492597,buy
1499527598,42136053,0.0001262,17.33527202,buy
1499527523,42135793,0.0001262,18.78664679,buy
1499527520,42135784,0.0001263,30.44205945,buy
1499527515,42135737,0.00012556,900.0,sell
1499527515,42135731,0.0001262,2.16083128,buy
1499527515,42135728,0.0001262,3.74381438,buy
1499527515,42135722,0.0001262,37.0022895,buy
1499527515,42135720,0.0001262,4.08231412,buy
1499527514,42135709,0.0001262,1.87260886,buy
1499527514,42135708,0.0001262,30.44205945,sell
1499527513,42135698,0.0001263,2394.1813902,buy
1499527513,42135697,0.0001262,22053.29369023,buy
1499527513,42135696,0.0001262,30.52300749,buy
1499527513,42135695,0.0001262,3.18330228,buy
1499527513,42135694,0.000126,2.83395236,buy
1499527513,42135688,0.000126,11.93191532,buy
1499527513,42135687,0.000126,0.99625435,buy
1499527513,42135682,0.000126,1.55633678,buy
1499527513,42135680,0.000126,40.58464906,buy
1499527513,42135677,0.000126,4.79660379,buy
1499527513,42135672,0.000126,5.29364988,buy
1499527513,42135671,0.000126,32.00827439,buy
1499527513,42135670,0.00012556,4.765688,buy
1499527461,42135587,0.0001262,4.79660378,buy
1499527460,42135586,0.0001262,1.55633678,buy
1499527460,42135585,0.0001262,7.63795009,buy
1499527458,42135584,0.0001259,11.93191532,buy
1499527457,42135583,0.0001259,0.99625435,buy
1499527457,42135580,0.0001259,36.77396239,buy
1499527456,42135577,0.000126,1.55633678,sell
1499527456,42135576,0.000126,11.93191532,sell
1499527456,42135575,0.00012607,4.79660378,sell
1499527456,42135574,0.00012607,7.63795009,sell
1499527456,42135568,0.0001263,9628.1370188,buy
1499527456,42135567,0.00012608,1.0,buy
1499527456,42135566,0.00012607,50.0,buy
1499527456,42135565,0.000126,287.55201275,buy
1499527455,42135564,0.000126,5.29364988,buy
1499527455,42135561,0.000126,33.15433737,buy
1499527455,42135560,0.00012599,7.43031169,buy
1499527436,42135506,0.00012527,16.174234,buy
1499527366,42135417,0.0001259,600.0,buy
1499527353,42135392,0.000125,33.0,buy
1499527353,42135391,0.000125,190.0,buy
1499527336,42135365,0.0001249,385.30755112,buy
1499527336,42135364,0.0001249,1206.33896258,buy
1499527336,42135363,0.00012489,2.32453646,buy
1499527336,42135362,0.00012489,0.87455913,buy
1499527336,42135361,0.00012489,0.95340845,buy
1499527333,42135335,0.0001249,1.0,buy
1499527332,42135317,0.0001249,92.66103742,buy
1499527332,42135316,0.0001249,2177.00551378,buy
1499527332,42135315,0.0001248,0.87455913,buy
1499527332,42135314,0.0001248,0.95340845,buy
1499527332,42135313,0.0001248,2.32453646,buy
1499527331,42135286,0.0001248,0.28029488,sell
1499527331,42135273,0.0001248,9.76588253,sell
1499527330,42135244,0.0001248,1.27381074,sell
1499527299,42135110,0.0001249,800.0,buy
1499527295,42135097,0.0001248,199.6,sell
1499527293,42135093,0.0001249,25.0,buy
1499527288,42135080,0.0001249,290.0,buy
1499527287,42135067,0.0001249,721.56,buy
1499527279,42135044,0.0001249,1052.330857,buy
1499527278,42135040,0.0001249,15.79385893,buy
1499527270,42134980,0.0001249,300.0,buy
1499527259,42134961,0.0001249,300.0,buy
1499527245,42134940,0.0001249,2.38209876,buy
1499527245,42134937,0.0001249,3.3830954,buy
1499527244,42134919,0.0001249,42.87777829,buy
1499527244,42134913,0.0001249,25.0,buy
1499527241,42134881,0.0001248,6.33484195,sell
1499527241,42134880,0.00012481,15.87948386,sell
1499527240,42134879,0.0001249,3.8505678,buy
1499527240,42134871,0.0001249,338.352764,buy
1499527239,42134868,0.0001249,3.8505678,buy
1499527239,42134867,0.0001249,22.26713883,buy
1499527239,42134858,0.0001249,3.8505678,buy
1499527239,42134839,0.0001249,27.0881806,buy
1499527238,42134830,0.0001249,24.6062234,buy
1499527238,42134823,0.0001248,22.90752291,sell
1499527238,42134820,0.0001248,59.83764699,sell
1499527238,42134819,0.00012481,22.84920654,sell
1499527238,42134814,0.0001249,16.74688751,buy
1499527237,42134792,0.0001249,23.36878284,buy
1499527237,42134786,0.0001249,29.49151179,buy
1499527236,42134774,0.0001249,16.78663606,buy
1499527236,42134770,0.0001249,23.26028969,buy
1499527234,42134713,0.0001249,28.48374074,buy
1499527234,42134703,0.0001249,19.6246422,buy
1499527234,42134701,0.0001249,33.37862249,buy
1499527234,42134696,0.0001249,32.39649869,buy
1499527234,42134687,0.0001249,19.78182586,buy
1499527233,42134662,0.0001249,82.342632,buy
1499527233,42134659,0.00012474,84.14602473,sell
1499527232,42134651,0.0001249,4.86031945,buy
1499527231,42134638,0.0001249,27.50656477,buy
1499527231,42134631,0.0001249,16.36885558,buy
1499527231,42134618,0.0001249,11.75440801,buy
1499527230,42134598,0.0001249,22.12484578,buy
1499527227,42134542,0.0001249,2.53629813,buy
1499527226,42134533,0.0001249,19.42162023,buy
1499527221,42134497,0.0001249,9.26101161,buy
1499527207,42134471,0.0001249,29.05505336,buy
1499527206,42134468,0.0001249,25.66509947,buy
1499527206,42134464,0.0001249,29.05810874,buy
1499527205,42134460,0.0001249,36.95974335,buy
1499527205,42134455,0.0001249,4.78283568,buy
1499527204,42134453,0.0001249,62.89790794,buy
1499527203,42134448,0.0001249,43.83040253,buy
1499527203,42134446,0.0001249,26.19560739,buy
1499527203,42134442,0.0001249,23.55038812,buy
1499527203,42134441,0.0001249,297.542456,buy
1499527202,42134436,0.0001249,16.98479329,buy
1499527201,42134433,0.0001249,16.15749246,buy
1499527201,42134431,0.0001249,35.85162766,buy
1499527200,42134427,0.0001249,19.51802844,buy
1499527200,42134423,0.0001249,56.94323118,buy
1499527199,42134419,0.0001249,33.33376294,buy
1499527199,42134415,0.0001249,27.74380021,buy
1499527199,42134414,0.0001249,28.46764984,buy
1499527198,42134410,0.0001249,30.07145395,buy
1499527198,42134406,0.0001249,25.73637143,buy
1499527180,42134385,0.0001249,1235.615,buy
1499527178,42134379,0.0001249,270.71181132,buy
1499527178,42134378,0.0001247,861.38347868,buy
1499527176,42134375,0.0001247,32.32203167,buy
1499527171,42134361,0.0001247,400.90617481,buy
1499527170,42134357,0.0001247,1441.060307,buy
1499527167,42134352,0.0001247,400.0,buy
1499527165,42134339,0.0001247,4965.55723089,buy
1499527165,42134338,0.00012469,2.74459011,buy
1499527163,42134331,0.0001247,21.85043638,buy
1499527163,42134330,0.00012469,7.13488238,buy
1499527163,42134329,0.00012468,2.74459011,buy
1499527160,42134324,0.0001247,1876.92034057,buy
1499527160,42134323,0.00012469,80.33695312,buy
1499527160,42134322,0.00012463,0.35799002,buy
1499527160,42134321,0.00012462,21.04185755,buy
1499527160,42134320,0.00012462,2.30653637,buy
1499527160,42134319,0.00012462,0.93063683,buy
1499527160,42134318,0.00012462,0.30085257,buy
1499527160,42134317,0.00012462,17.68344555,buy
1499527160,42134316,0.00012462,0.12138742,buy
1499527145,42134303,0.0001248,14.16039665,buy
1499527145,42134302,0.00012479,0.30085257,buy
1499527145,42134301,0.00012479,17.68344555,buy
1499527145,42134300,0.00012479,0.12138742,buy
1499527145,42134299,0.00012479,21.04185755,buy
1499527145,42134298,0.00012479,7.13488238,buy
1499527145,42134297,0.00012479,0.35799002,buy
1499527145,42134296,0.00012479,2.30653637,buy
1499527145,42134295,0.00012479,2.74459011,buy
1499527143,42134287,0.00012413,27.75446102,sell
1499527143,42134286,0.00012414,110.22533898,sell
1499527132,42134264,0.0001243,135.57308254,sell
1499527128,42134249,0.00012488,0.05132841,sell
1499527128,42134246,0.00012488,500.13169801,sell
1499527096,42134205,0.0001249,4.63216888,buy
1499527074,42134104,0.00012426,14.354838,buy
1499527064,42134085,0.00012489,46.10710507,buy
1499527064,42134084,0.00012488,89.8677362,buy
1499527050,42134071,0.000124,89.0010214,buy
1499527049,42134067,0.000124,86.83849473,buy
1499527012,42134037,0.000124,123.0,buy
1499527001,42134032,0.00012338,8.585082,buy
1499526966,42134010,0.000124,83.16048387,buy
1499526938,42133992,0.0001229,20.785598,sell
1499526935,42133984,0.00012347,102.66892444,buy
1499526858,42133870,0.00012171,3.278688,sell
1499526855,42133864,0.0001222,15.10786241,buy
1499526837,42133821,0.000122,99.99999973,buy
1499526837,42133820,0.000122,213.41791127,buy
1499526812,42133766,0.00012139,16.528926,buy
1499526788,42133686,0.000122,107.41127744,buy
1499526783,42133667,0.000122,65.17081129,buy
1499526783,42133666,0.00012196,111.75663583,buy
1499526764,42133637,0.000121,582.15431648,buy
1499526755,42133613,0.0001207,112.1019803,sell
1499526750,42133602,0.000121,102.55662561,buy
1499526749,42133600,0.000121,81.49568504,buy
1499526732,42133520,0.00012039,20.0,buy
1499526725,42133499,0.000121,133.79337287,buy
1499526725,42133498,0.00012094,66.20662713,buy
1499526703,42133464,0.00012,126.74741067,buy
1499526703,42133463,0.00012,998.0,buy
1499526703,42133462,0.00012,500.0,buy
1499526703,42133461,0.00012,2165.5934582,buy
1499526703,42133460,0.00012,334.4065418,buy
1499526703,42133459,0.00012,402.0,buy
1499526703,42133458,0.00012,9263.5934582,buy
1499526687,42133434,0.00012,145.74847966,buy
1499526687,42133428,0.00012,111.23205988,buy
1499526686,42133422,0.00012,113.73663849,buy
1499526686,42133418,0.00012,115.70688807,buy
1499526685,42133408,0.00012,98.51267633,buy
1499526684,42133407,0.00012,106.59402037,buy
1499526683,42133402,0.00012,31.18942872,buy
1499526683,42133401,0.00012,35.47453984,buy
1499526683,42133398,0.00012,1.13890746,buy
1499526683,42133397,0.00012,8.7316238,buy
1499526683,42133396,0.00012,0.14855314,buy
1499526683,42133392,0.00012,66.94244922,buy
1499526681,42133388,0.00012,71.49588345,buy
1499526680,42133380,0.00012,389.83442251,buy
1499526680,42133378,0.00012,121.34711699,buy
1499526675,42133368,0.00012,130.3690196,buy
1499526673,42133358,0.00012,2311.135655,buy
1499526672,42133357,0.00012,7263.718,buy
1499526671,42133351,0.00012,43.79209688,buy
1499526671,42133349,0.00012,21.09478443,buy
1499526670,42133347,0.00012,65.45452409,buy
1499526670,42133339,0.00012,213.26738838,buy
1499526670,42133336,0.00012,91.53714176,buy
1499526670,42133331,0.00012,13.35058399,buy
1499526670,42133330,0.00012,177.98245501,buy
1499526670,42133329,0.00012,240.5510628,buy
1499526665,42133321,0.00012,6000.0,buy
1499526659,42133305,0.00012,39.06822442,buy
1499526658,42133303,0.00012,36.34794613,buy
1499526658,42133302,0.00012,39.06822442,buy
1499526646,42133287,0.00012,126.24075712,buy
1499526644,42133280,0.00012,163.9137563,buy
1499526642,42133272,0.00012,38.28144246,buy
1499526640,42133261,0.00012,154.97506963,buy
1499526629,42133235,0.00012,45.2932898,buy
1499526605,42133200,0.00012,115.09892757,buy
1499526601,42133190,0.00012,2000.0,buy
1499526593,42133181,0.00012,307.13808333,buy
1499526587,42133151,0.00012,1.0,buy
1499526585,42133136,0.00012,1.0,buy
1499526581,42133135,0.00012,449.44944945,buy
1499526580,42133132,0.00012,449.59166666,buy
1499526549,42133083,0.00012,6.88579493,buy
1499526549,42133078,0.00012,0.89813874,buy
1499526549,42133076,0.00012,27.73089675,buy
1499526548,42133069,0.00012,52.79107573,buy
1499526548,42133056,0.00012,44.00231465,buy
1499526517,42133006,0.00012,1.0,buy
1499526505,42132947,0.00012,102.96405813,buy
1499526504,42132941,0.00012,2350.47735473,buy
1499526503,42132937,0.00012,3395.75832833,buy
1499526501,42132930,0.00012,100.95914859,buy
1499526501,42132928,0.00012,3283.574995,buy
1499526501,42132927,0.00012,81.2669778,buy
1499526500,42132921,0.00012,134.91882232,buy
1499526500,42132914,0.00012,95.57288448,buy
1499526499,42132906,0.00012,2541.124995,buy
1499526493,42132877,0.00012,195.63948327,buy
1499526493,42132873,0.00012,5290.54166067,buy
1499526492,42132868,0.00012,191.52899874,buy
1499526492,42132866,0.00012,8280.349995,buy
1499526492,42132861,0.00012,257.56052163,buy
1499526492,42132859,0.00012,5164.699995,buy
1499526491,42132855,0.00012,140.08025291,buy
1499526491,42132851,0.00012,9097.825,buy
1499526490,42132846,0.00012,130.31542111,buy
1499526490,42132841,0.00012,91.26140017,buy
1499526490,42132840,0.00012,9097.74166665,buy
1499526459,42132783,0.00012,112.14534565,buy
1499526459,42132782,0.00011971,18.33822912,buy
1499526458,42132775,0.00012,403.95520621,buy
1499526458,42132773,0.00012,17.82180889,buy
1499526458,42132764,0.00012,1.64518028,buy
1499526458,42132763,0.00012,12.61300849,buy
1499526458,42132762,0.00012,96.69971828,buy
1499526450,42132751,0.00012,52.58917493,buy
1499526450,42132750,0.00011999,5.0,buy
1499526385,42132649,0.0001197,99.3339058,sell
1499526334,42132535,0.00012,1439.910857,buy
1499526332,42132530,0.00012,270.07379415,buy
1499526321,42132510,0.00012,2604.74013913,buy
1499526321,42132509,0.00011999,5.0,buy
1499526321,42132508,0.0001198,4393.88325187,buy
1499526303,42132480,0.0001197,2.13836961,sell
1499526302,42132467,0.0001197,146.3032293,buy
1499526302,42132466,0.0001196,292.85,buy
1499526295,42132463,0.0001197,0.613868,buy
1499526281,42132442,0.0001197,217.24330851,buy
1499526280,42132436,0.0001197,35.83959419,buy
1499526280,42132435,0.0001196,98.0,buy
1499526228,42132251,0.0001194,103.57738225,buy
1499526227,42132248,0.0001194,103.57743922,buy
1499526178,42132094,0.0001196,2.0,buy
1499526122,42131858,0.00011961,116.97298698,buy
1499526122,42131857,0.0001196,194.49645537,buy
1499526116,42131835,0.0001192,55.97373449,sell
1499526114,42131822,0.00011957,3.0,buy
1499526106,42131786,0.00011961,5.0,buy
1499526098,42131718,0.0001192,4.46903056,sell
1499526035,42131293,0.0001192,329.36691224,buy
1499526017,42131229,0.0001192,28.79480891,buy
1499526017,42131227,0.0001192,351.28398163,buy
1499525997,42131142,0.0001192,3.0,buy
1499525982,42131086,0.0001192,54.50060109,buy
1499525980,42131077,0.000119,54.50060109,buy
1499525979,42131069,0.000119,351.63561611,buy
1499525979,42131061,0.000119,351.63561611,buy
1499525979,42131060,0.000119,44.04486959,buy
1499525979,42131055,0.000119,351.63561611,buy
1499525979,42131052,0.000119,259.0989388,buy
1499525979,42131044,0.000119,10.00700687,buy
1499525979,42131042,0.000119,351.63561611,buy
1499525977,42131024,0.000119,351.63561611,buy
1499525976,42131012,0.000119,163.52029662,buy
1499525976,42131008,0.000119,307.97165367,buy
1499525975,42131002,0.000119,202.72266651,buy
1499525975,42130998,0.000119,38.07720013,buy
1499525974,42130989,0.000119,65.54227643,buy
1499525972,42130971,0.000119,65.54227643,buy
1499525966,42130909,0.000119,259.12659746,buy
1499525966,42130903,0.000119,503.85719255,buy
1499525963,42130884,0.000119,65.62612004,buy
1499525960,42130856,0.0001189,77.80698622,buy
1499525949,42130786,0.0001189,259.12659746,buy
1499525948,42130779,0.0001189,115.04396237,buy
1499525943,42130758,0.0001189,14.90877108,buy
1499525933,42130727,0.0001189,259.12659746,buy
1499525921,42130693,0.0001189,74.6016472,buy
1499525914,42130667,0.0001189,503.85719255,buy
1499525913,42130664,0.0001189,503.85719255,buy
1499525913,42130661,0.0001189,503.85719255,buy
1499525912,42130658,0.0001189,503.85719255,buy
1499525912,42130654,0.0001189,503.85719255,buy
1499525911,42130651,0.0001189,503.85719255,buy
1499525906,42130642,0.0001189,503.85719255,buy
1499525906,42130641,0.0001189,503.85719255,buy
1499525906,42130635,0.0001189,503.85719255,buy
1499525905,42130633,0.0001189,513.85692018,buy
1499525900,42130612,0.0001189,8.16694924,buy
1499525900,42130611,0.0001189,259.12659746,buy
1499525899,42130606,0.0001189,503.85719255,buy
1499525899,42130603,0.0001189,259.12659746,buy
1499525899,42130597,0.0001189,503.85719255,buy
1499525899,42130596,0.0001189,493.85746492,buy
1499525899,42130594,0.0001189,259.12659746,buy
1499525894,42130579,0.0001189,259.12659746,buy
1499525894,42130577,0.0001189,259.12659746,buy
1499525894,42130573,0.0001189,259.12659746,buy
1499525893,42130570,0.0001189,259.12659746,buy
1499525893,42130568,0.0001189,259.12659746,buy
1499525892,42130563,0.0001189,259.12659746,buy
1499525892,42130561,0.0001189,503.85719255,buy
1499525892,42130559,0.0001189,259.12659746,buy
1499525892,42130555,0.0001189,503.85719255,buy
1499525891,42130545,0.0001189,157.92833341,buy
1499525891,42130541,0.0001189,259.12659746,buy
1499525890,42130538,0.0001189,259.12659746,buy
1499525889,42130531,0.0001189,980.0,buy
1499525880,42130506,0.000119,175.18422326,buy
1499525878,42130481,0.0001189,984.97774059,buy
1499525878,42130479,0.0001189,809.79351672,buy
1499525878,42130478,0.0001189,503.85719255,buy
1499525853,42130353,0.0001191,259.12659746,buy
1499525852,42130352,0.0001191,259.12659746,buy
1499525851,42130350,0.0001192,231.05369613,buy
1499525850,42130337,0.0001189,13272.06044824,buy
1499525849,42130332,0.0001189,116.30647715,buy
1499525849,42130325,0.000119,259.12659746,sell
1499525849,42130324,0.000119,116.30647715,sell
1499525849,42130322,0.000119,76.28712712,buy
1499525848,42130314,0.000119,259.12659746,buy
1499525848,42130311,0.000119,259.12659746,buy
1499525847,42130302,0.0001189,507.07715654,buy
1499525847,42130296,0.0001189,439.23969342,buy
1499525847,42130295,0.0001189,503.85719255,buy
1499525773,42130083,0.000119,351.29560913,buy
1499525763,42130052,0.000119,54.16406883,buy
1499525763,42130051,0.00011853,4.66648044,buy
1499525683,42129802,0.00011853,102.6703324,buy
1499525682,42129794,0.00011853,62.66318716,buy
1499525681,42129787,0.00011815,102.6703324,buy
1499525679,42129772,0.000118,40.00714567,buy
1499525679,42129768,0.000118,102.6703324,buy
1499525678,42129755,0.000118,102.6703324,buy
1499525678,42129748,0.000118,158.42245635,buy
1499525678,42129744,0.000118,170.18067222,buy
1499525677,42129732,0.000118,7794.97002286,buy
1499525677,42129730,0.000118,102.6703324,buy
1499525677,42129726,0.000118,170.19045087,buy
1499525677,42129716,0.000118,260.93435852,buy
1499525676,42129702,0.000118,260.93436672,buy
1499525676,42129701,0.000118,49.06749329,buy
1499525675,42129686,0.000118,846.81175374,buy
1499525675,42129683,0.000118,260.93435852,buy
1499525675,42129678,0.000118,7818.45762711,buy
1499525675,42129673,0.000118,260.93436672,buy
1499525674,42129667,0.000118,170.19319056,buy
1499525674,42129661,0.000118,260.93435852,buy
1499525674,42129658,0.000118,170.18196986,buy
1499525673,42129644,0.000118,121.43222063,buy
1499525673,42129617,0.000118,10786.40219064,buy
1499525673,42129616,0.000118,123.0,buy
1499525673,42129615,0.000118,253.0,buy
1499525673,42129614,0.00011795,2908.99673875,buy
1499525673,42129613,0.0001179,4474.85917883,buy
1499525655,42129421,0.0001179,300.3003003,buy
1499525619,42129360,0.0001179,189.96038626,buy
1499525611,42129348,0.00011752,1.64237196,sell
1499525605,42129336,0.0001179,190.01787233,buy
1499525528,42129208,0.0001179,73.1098041,buy
1499525476,42129059,0.0001179,10.0,buy
1499525474,42129040,0.0001179,10.0,buy
1499525471,42129001,0.0001179,10.0,buy
1499525469,42128993,0.0001179,10.0,buy
1499525468,42128987,0.0001179,0.43351505,buy
1499525468,42128986,0.0001176,216.43080307,buy
1499525467,42128955,0.0001176,326.55447658,buy
1499525467,42128952,0.0001176,801.24639557,buy
1499525467,42128951,0.00011759,19.82075067,buy
1499525467,42128942,0.00011759,196.6100524,buy
1499525465,42128929,0.0001176,10.0,buy
1499525457,42128898,0.0001176,10.0,buy
1499525456,42128870,0.0001176,190.48953085,buy
1499525451,42128840,0.0001176,3.24019513,buy
1499525429,42128777,0.0001175,217.5789184,buy
1499525429,42128775,0.0001175,56.11013435,buy
1499525427,42128766,0.0001175,41.92265003,buy
1499525427,42128764,0.0001175,109.24934852,buy
1499525426,42128761,0.0001175,109.24934852,buy
1499525421,42128750,0.0001175,109.24934852,buy
1499525419,42128722,0.0001175,109.24934852,buy
1499525419,42128711,0.0001175,109.24934852,buy
1499525418,42128697,0.0001175,109.24934852,buy
1499525418,42128695,0.0001175,109.24934852,buy
1499525417,42128691,0.0001175,109.24934852,buy
1499525417,42128688,0.0001175,109.24934852,buy
1499525416,42128682,0.0001175,109.24934852,buy
1499525415,42128675,0.0001175,109.24934852,buy
1499525414,42128672,0.0001175,109.24934852,buy
1499525414,42128670,0.0001175,109.24934852,buy
1499525413,42128667,0.0001175,109.24934852,buy
1499525412,42128661,0.0001175,109.24934852,buy
1499525412,42128660,0.0001175,109.24934852,buy
1499525411,42128636,0.0001175,109.24934852,buy
1499525408,42128599,0.0001175,109.24934852,buy
1499525408,42128594,0.0001175,109.24934852,buy
1499525407,42128584,0.0001175,109.24934852,buy
1499525403,42128577,0.0001175,190.56159464,buy
1499525401,42128566,0.0001175,190.4994085,buy
1499525401,42128563,0.0001175,109.24934852,buy
1499525400,42128540,0.0001175,109.24934852,buy
1499525399,42128538,0.0001175,190.4994085,buy
1499525399,42128533,0.0001175,109.24934852,buy
1499525398,42128529,0.0001175,109.24934852,buy
1499525398,42128524,0.0001175,109.24934852,buy
1499525397,42128516,0.0001175,109.24934852,buy
1499525396,42128511,0.0001175,109.24934852,buy
1499525392,42128503,0.0001175,50.05005005,buy
1499525382,42128490,0.0001175,50.05005005,buy
1499525378,42128480,0.0001175,190.53828208,buy
1499525155,42127792,0.0001176,164.79148681,buy
1499525155,42127791,0.00011734,665.59851319,buy
1499525153,42127750,0.00011734,3.5391059,buy
1499525140,42127718,0.00011734,109.62079087,buy
1499525116,42127521,0.00011734,219.24159004,buy
1499525114,42127499,0.00011733,176.52687931,buy
1499525114,42127498,0.0001173,42.71471006,buy
1499525110,42127397,0.0001173,2.002002,buy
1499525106,42127354,0.0001173,109.62079087,buy
1499525098,42127288,0.0001173,191.20166688,buy
1499525098,42127281,0.0001173,500.0,buy
1499525097,42127269,0.0001173,2498.8758019,buy
1499525097,42127268,0.000117,1301.1241981,buy
1499525096,42127264,0.000117,109.62079087,buy
1499525096,42127257,0.000117,136.15501103,buy
1499525096,42127256,0.000117,19.96,buy
1499525096,42127255,0.000117,35.08665585,buy
1499525096,42127251,0.000117,168.09426559,buy
1499525095,42127241,0.000117,96.81907856,buy
1499525095,42127240,0.000117,122.42251148,buy
1499525095,42127233,0.000117,191.20166688,buy
1499525094,42127230,0.000117,191.24068093,buy
1499525094,42127229,0.000117,109.62079087,buy
1499525094,42127228,0.000117,175.51434984,buy
1499525094,42127227,0.000117,43.70040351,buy
1499525094,42127219,0.000117,191.20170008,buy
1499525094,42127218,0.000117,191.20166688,buy
1499525093,42127209,0.000117,191.24068093,buy
1499525093,42127203,0.000117,219.24159004,buy
1499525093,42127199,0.000117,191.24072243,buy
1499525093,42127194,0.000117,191.24068093,buy
1499525092,42127182,0.000117,191.22507531,buy
1499525092,42127181,0.000117,219.24159004,buy
1499525092,42127169,0.000117,219.24159004,buy
1499525091,42127165,0.000117,114.57783348,buy
1499525091,42127150,0.000117,191.23287812,buy
1499525090,42127145,0.000117,219.24159004,buy
1499525090,42127143,0.000117,191.22507531,buy
1499525090,42127136,0.000117,109.62079087,buy
1499525090,42127131,0.000117,191.22507531,buy
1499525089,42127129,0.000117,109.62079087,buy
1499525089,42127123,0.000117,191.23287812,buy
1499525088,42127120,0.000117,211.42424454,buy
1499525087,42127107,0.000117,109.62079087,buy
1499525087,42127106,0.000117,191.18606955,buy
1499525086,42127100,0.000117,191.18606955,buy
1499525084,42127086,0.000117,191.24068093,buy
1499525084,42127085,0.000117,191.22507531,buy
1499525084,42127074,0.000117,191.21727249,buy
1499525084,42127073,0.000117,191.21727249,buy
1499525083,42127060,0.000117,191.25629485,buy
1499525081,42127054,0.000117,191.24068093,buy
1499525079,42127042,0.000117,191.25629485,buy
1499525079,42127034,0.000117,191.25629485,buy
1499525078,42127028,0.000117,219.24159004,buy
1499525077,42127016,0.000117,109.62079087,buy
1499525077,42127015,0.000117,191.27974478,buy
1499525077,42127011,0.000117,191.27971158,buy
1499525076,42127008,0.000117,191.27190047,buy
1499525076,42127003,0.000117,109.62079087,buy
1499525076,42126995,0.000117,191.27190047,buy
1499525076,42126993,0.000117,191.27190047,buy
1499525075,42126976,0.000117,191.27971158,buy
1499525074,42126970,0.000117,191.27190047,buy
1499525074,42126964,0.000117,191.27190047,buy
1499525074,42126956,0.000117,83.53210163,buy
1499525073,42126954,0.000117,191.27190047,buy
1499525073,42126951,0.000117,94.40880468,buy
1499525073,42126942,0.000117,109.62079087,buy
1499525073,42126940,0.000117,191.11590236,buy
1499525072,42126933,0.000117,191.37344492,buy
1499525071,42126924,0.000117,26.1971317,buy
1499525071,42126921,0.000117,191.37344492,buy
1499525071,42126917,0.000117,191.27190047,buy
1499525071,42126915,0.000117,191.3578476,buy
1499525070,42126908,0.000117,191.35781439,buy
1499525069,42126899,0.000117,191.3578476,buy
1499525069,42126897,0.000117,191.35781439,buy
1499525068,42126888,0.000117,191.33438106,buy
1499525067,42126882,0.000117,191.31875884,buy
1499525067,42126878,0.000117,191.31875884,buy
1499525066,42126873,0.000117,191.27971158,buy
1499525066,42126872,0.000117,191.27971158,buy
1499525065,42126862,0.000117,191.32656995,buy
1499525064,42126857,0.000117,109.62079087,buy
1499525062,42126852,0.000117,122.47785558,buy
1499525062,42126850,0.000117,191.35001159,buy
1499525061,42126844,0.000117,191.37345322,buy
1499525060,42126838,0.000117,191.35001159,buy
1499525060,42126833,0.000117,219.02234845,buy
1499525059,42126828,0.000117,219.02234845,buy
1499525059,42126827,0.000117,191.3578227,buy
1499525059,42126822,0.000117,219.02234845,buy
1499525059,42126821,0.000117,39.92,buy
1499525058,42126818,0.000117,191.36565041,buy
1499525057,42126812,0.000117,191.36565041,buy
1499525056,42126807,0.000117,191.37346152,buy
1499525053,42126802,0.000117,191.44381963,buy
1499525053,42126798,0.000117,219.24159004,buy
1499525053,42126791,0.000117,191.44381963,buy
1499525052,42126783,0.000117,109.62079087,buy
1499525050,42126776,0.000117,191.44381963,buy
1499525049,42126771,0.000117,191.47510559,buy
1499525048,42126764,0.000117,191.46727787,buy
1499525048,42126763,0.000117,191.46727787,buy
1499525047,42126760,0.000117,191.47510559,buy
1499525047,42126754,0.000117,191.47510559,buy
1499525046,42126747,0.000117,191.48292499,buy
1499525046,42126730,0.000117,191.48292499,buy
1499525045,42126725,0.000117,191.47510559,buy
1499525045,42126722,0.000117,191.47510559,buy
1499525044,42126719,0.000117,191.49075271,buy
1499525044,42126715,0.000117,191.48292499,buy
1499525043,42126709,0.000117,191.49075271,buy
1499525043,42126704,0.000117,191.49075271,buy
1499525042,42126699,0.000117,191.49075271,buy
1499525042,42126693,0.000117,2.55561972,buy
1499525041,42126688,0.000117,191.48292499,buy
1499525041,42126684,0.000117,191.49075271,buy
1499525041,42126681,0.000117,191.49075271,buy
1499525039,42126674,0.000117,191.49075271,buy
1499525039,42126671,0.000117,191.45945846,buy
1499525039,42126665,0.000117,99.73335139,buy
1499525039,42126663,0.000117,191.46727787,buy
1499525038,42126655,0.000117,191.47510559,buy
1499525038,42126654,0.000117,37.34631512,buy
1499525038,42126652,0.000117,191.48292499,buy
1499525038,42126647,0.000117,191.49075271,buy
1499525027,42126614,0.000117,113.49892059,buy
1499525027,42126612,0.000117,30.48770638,buy
1499525026,42126609,0.000117,143.98662697,buy
1499525026,42126602,0.000117,109.62079087,buy
1499525026,42126600,0.000117,438.48316348,buy
1499525026,42126598,0.000117,154.274002,buy
1499525025,42126593,0.000117,219.1613124,buy
1499525023,42126567,0.000117,219.24159004,buy
1499525023,42126565,0.000117,109.62079087,buy
1499525023,42126559,0.000117,27.27177795,buy
1499525018,42126543,0.000117,109.62079087,buy
1499525017,42126540,0.000117,191.48292499,buy
1499525017,42126538,0.000117,109.62079087,buy
