Timestamp,TradeId,Price,Amount,Type
1500162928,43879741,0.00093064,81.06150314,sell
1500162928,43879737,0.00093064,204.84265016,sell
1500162764,43878751,0.00094,28.2058,buy
1500162666,43878546,0.0009398,320.1943,buy
1500162644,43878482,0.0009398,320.1943,buy
1500162077,43876589,0.0009384,25.85874329,buy
1500162062,43876509,0.000931,25.85874329,buy
1500162062,43876506,0.000931,71.94125671,buy
1500161951,43876208,0.00093099,72.94638332,buy
1500161946,43876195,0.000931,107.9022103,buy
1500161945,43876193,0.000931,184.42895643,buy
1500161944,43876190,0.00093199,185.12777855,buy
1500161944,43876184,0.00093199,988.76275496,buy
1500161943,43876177,0.00093199,292.28080503,buy
1500161943,43876176,0.00093199,292.28080503,buy
1500161939,43876160,0.000932,155.15515516,buy
1500161705,43874980,0.000936,920.48768898,sell
1500161702,43874973,0.000936,107.76289701,sell
1500161702,43874971,0.000936,107.74941401,sell
1500161516,43874029,0.0009349,1000.0,buy
1500161235,43873330,0.000933,322.1416507,buy
1500161221,43873295,0.0009349,0.1,buy
1500161059,43872831,0.0009319,35.0,buy
1500160992,43872562,0.0009349,77.30607874,buy
1500160941,43872048,0.0009349,0.2258687,buy
1500160835,43871395,0.00091141,118.62969945,sell
1500160829,43871370,0.0009284,96.54831412,sell
1500160829,43871363,0.0009283,118.62969945,buy
1500160802,43871196,0.00092799,269.26686709,buy
1500160799,43871189,0.00092799,63.69746286,buy
1500160798,43871182,0.00092799,58.81401981,buy
1500160797,43871181,0.00092799,126.00383358,buy
1500160796,43871174,0.00092799,328.07734913,buy
1500160795,43871169,0.000928,779.37934034,buy
1500160795,43871162,0.000928,327.7277258,buy
1500160793,43871150,0.00092899,155.3898782,buy
1500160793,43871148,0.00092899,77.13436892,buy
1500160793,43871145,0.00092899,346.07374675,buy
1500160793,43871143,0.00092899,327.7277258,buy
1500160790,43871129,0.00092899,0.35197849,buy
1500160790,43871126,0.00092899,379.75783392,buy
1500160790,43871124,0.00092899,2.11109677,buy
1500160789,43871109,0.00092899,3.64995694,buy
1500160789,43871108,0.00092899,266.22082776,buy
1500160789,43871106,0.00092899,36.40263724,buy
1500160788,43871098,0.000929,77.13436892,buy
1500160787,43871085,0.000929,380.69787095,buy
1500160787,43871082,0.00092999,41.30212423,buy
1500160787,43871081,0.0009299,288.41447792,buy
1500160787,43871079,0.0009299,0.35197849,buy
1500160787,43871077,0.0009299,2.11109677,buy
1500160787,43871074,0.0009299,329.3646129,buy
1500160786,43871066,0.0009299,379.75783392,buy
1500160786,43871044,0.00093,360.58490386,buy
1500160785,43871035,0.00093,36.36266666,buy
1500160779,43870980,0.0009309,0.10611701,buy
1500160733,43870786,0.0009329,0.59129251,buy
1500160730,43870735,0.0009329,10.41774885,buy
1500160711,43870488,0.0009339,600.0,buy
1500160675,43870095,0.0009384,82.78923025,buy
1500160675,43870094,0.00093837,360.22431896,buy
1500160460,43869496,0.00093489,2.16282129,buy
1500160420,43869432,0.0009349,0.6561959,buy
1500160398,43869392,0.0009329,289.77568104,buy
1500160398,43869391,0.00093281,360.22431896,buy
1500160339,43869320,0.00093379,168.31230324,buy
1500160316,43869296,0.00093779,125.2581487,buy
1500160303,43869265,0.0009252,812.72119283,buy
1500160303,43869261,0.0009252,0.64448318,buy
1500160299,43869252,0.0009252,186.63432399,sell
1500160295,43869241,0.000934,360.22431896,buy
1500160294,43869238,0.0009349,360.22431896,buy
1500160289,43869228,0.0009359,360.22431896,buy
1500160284,43869220,0.0009252,2.18787289,sell
1500160273,43869190,0.000938,360.22431896,buy
1500160266,43869166,0.0009251,169.7766248,buy
1500160264,43869157,0.0009251,10.97008472,buy
1500160263,43869152,0.0009251,347.14391967,buy
1500160262,43869149,0.0009251,347.18143983,sell
1500160262,43869148,0.0009251,124.92793098,sell
1500160256,43869136,0.00093,26.862688,buy
1500160248,43869129,0.0009297,26.862688,buy
1500160244,43869117,0.0009297,26.862688,buy
1500160236,43869104,0.00092979,359.86409464,buy
1500160231,43869098,0.0009298,26.862688,buy
1500160225,43869083,0.0009221,714.69070998,buy
1500160225,43869082,0.0009221,285.30929002,buy
1500160220,43869064,0.0009298,426.26291468,buy
1500160216,43869062,0.0009298,387.08700696,buy
1500160213,43869061,0.0009298,360.22431896,buy
1500160173,43869011,0.00092,138.19700234,buy
1500160173,43869009,0.00092,147.11228768,buy
1500160173,43869008,0.0009201,365.62261956,sell
1500160173,43869007,0.0009201,349.06809042,sell
1500160171,43868997,0.0009209,186.41763496,buy
1500160168,43868990,0.00092,2434.96218457,buy
1500160167,43868986,0.00092,379.39307701,buy
1500160167,43868983,0.00092,481.65749899,buy
1500160167,43868982,0.00092,112.65279753,buy
1500160166,43868977,0.00092,277.4224419,buy
1500160166,43868971,0.00092099,266.50270871,buy
1500160162,43868963,0.00092099,340.58890603,buy
1500160162,43868955,0.00092099,202.47445507,buy
1500160161,43868954,0.00092099,379.04162866,buy
1500160160,43868947,0.000921,479.27385367,buy
1500160153,43868939,0.000922,147.92386699,buy
1500160149,43868925,0.0009229,4.28949079,buy
1500160149,43868924,0.00092299,231.10128805,buy
1500160148,43868918,0.000923,231.10128805,buy
1500160137,43868886,0.0009249,25.09081081,buy
1500159943,43868436,0.00091732,1.12271084,buy
1500159942,43868432,0.00091732,111.45035852,buy
1500159942,43868431,0.00091732,111.37552189,buy
1500159942,43868428,0.00091732,111.33890816,buy
1500159932,43868384,0.00091712,649.83586272,sell
1500159932,43868383,0.00091722,350.16413728,sell
1500159912,43868321,0.0009164,434.87572428,sell
1500159912,43868320,0.0009165,350.43922531,sell
1500159912,43868319,0.0009165,214.68505041,sell
1500159909,43868305,0.000916,25.63647191,sell
1500159909,43868304,0.0009161,192.30656392,sell
1500159909,43868303,0.0009162,214.68505041,sell
1500159909,43868302,0.0009163,350.51571537,sell
1500159909,43868301,0.0009163,216.70630683,sell
1500159909,43868300,0.0009163,0.14989156,sell
1500159875,43868212,0.00092,0.14989156,buy
1500159872,43868189,0.0009199,614.17354718,buy
1500159872,43868188,0.0009199,0.14988589,buy
1500159872,43868180,0.0009124,623.69792116,buy
1500159871,43868177,0.0009124,24.36525,buy
1500159871,43868175,0.0009124,351.93682884,buy
1500159847,43868100,0.00092,25.43362144,buy
1500159847,43868099,0.00091,0.07464847,buy
1500159847,43868095,0.00091,24.29060153,buy
1500159846,43868087,0.0009,0.19145143,buy
1500159845,43868084,0.0009,23.01354857,buy
1500159828,43868037,0.0008876,2206.37579007,sell
1500159547,43867189,0.000928,2526.77938408,buy
1500159537,43867139,0.00093,0.17634801,buy
1500159537,43867134,0.00093,10.36526315,buy
1500159537,43867127,0.00093,1.35198711,buy
1500159537,43867120,0.0009309,96.50791621,buy
1500159537,43867119,0.0009309,1.64191192,buy
1500159537,43867116,0.0009309,0.21415682,buy
1500159537,43867115,0.0009309,12.5879914,buy
1500159497,43866956,0.0008833,6225.87223696,sell
1500159497,43866955,0.0008838,2888.0,sell
1500159497,43866954,0.000885,35428.7664,sell
1500159497,43866953,0.00089194,10313.241,sell
1500159497,43866952,0.00089428,111.58962906,sell
1500159497,43866951,0.000898,1627.63407032,sell
1500159497,43866950,0.0009,1000.0,sell
1500159497,43866949,0.0009,3661.0,sell
1500159497,43866948,0.0009,131.150772,sell
1500159497,43866947,0.0009039,100.0,sell
1500159497,43866946,0.000904,10000.0,sell
1500159497,43866945,0.00091256,784.10527982,sell
1500159497,43866944,0.0009126,1000.0,sell
1500159497,43866943,0.000914,21257.0191,sell
1500159497,43866942,0.00092111,670.3288858,sell
1500159497,43866941,0.00092112,757.26373,sell
1500159497,43866940,0.00093599,2000.0,sell
1500159497,43866939,0.00093599,1044.02889604,sell
1500159440,43866837,0.000937,174.9090046,sell
1500159290,43866256,0.00093599,2.78464513,sell
1500159286,43866247,0.00093599,320.83708192,sell
1500159286,43866243,0.00093599,2.86614173,sell
1500159285,43866239,0.00093599,2.86614173,sell
1500159284,43866226,0.00093599,2.86614173,sell
1500159174,43865823,0.00093599,2.80197438,sell
1500159174,43865817,0.00093599,2.80197438,sell
1500159174,43865811,0.00093599,2.80197438,sell
1500159174,43865806,0.00093599,2.80197438,sell
1500159136,43865655,0.00093701,10.68304162,sell
1500159133,43865632,0.00093701,0.92679914,sell
1500159133,43865631,0.00093701,29.10454642,sell
1500159133,43865630,0.00093701,0.19308418,sell
1500159133,43865629,0.00093701,0.12088684,sell
1500159133,43865628,0.00093701,8.03087028,sell
1500159133,43865627,0.00093701,54.47519383,sell
1500159133,43865626,0.00093701,7.10546006,sell
1500159133,43865625,0.00093701,0.56943836,sell
1500159133,43865624,0.00093701,4.3656941,sell
1500159133,43865623,0.00093701,33.47032138,sell
1500159133,43865622,0.00093701,1.04750482,sell
1500159133,43865621,0.00093701,61.57000545,sell
1500159133,43865620,0.00093701,0.13663106,sell
1500159132,43865619,0.00093701,2.32424603,sell
1500159132,43865618,0.00093701,0.30316253,sell
1500159132,43865617,0.00093701,7.79499171,sell
1500159132,43865616,0.00093701,1.01673805,sell
1500159132,43865613,0.00093701,59.76160314,sell
1500159132,43865612,0.00093701,0.13261801,sell
1500159128,43865594,0.000937,36.31440506,sell
1500159106,43865513,0.000936,23.53924145,sell
1500159106,43865511,0.000936,30.93208333,sell
1500159106,43865510,0.000936,0.52625,sell
1500159105,43865504,0.000936,3.86074786,sell
1500159103,43865491,0.000936,16.09319444,sell
1500159103,43865486,0.000936,1.83184829,sell
1500159093,43865419,0.000936,1.86478632,sell
1500159093,43865417,0.000936,44.48833188,sell
1500159089,43865395,0.000936,9.59023763,sell
1500159089,43865387,0.000936,59.42130866,sell
1500159088,43865385,0.000936,30.93208154,sell
1500159088,43865384,0.000936,0.5262547,sell
1500159088,43865382,0.000936,4.03461933,sell
1500159041,43865284,0.000936,172.99445814,sell
1500158967,43865186,0.000937,4811.03046483,sell
1500158941,43865154,0.000936,117.28285563,sell
1500158940,43865152,0.000936,117.28285563,sell
1500158920,43865111,0.000936,32.08336542,sell
1500158813,43865003,0.000937,209.480644,sell
1500158791,43864971,0.0009545,6960.9803,buy
1500158791,43864970,0.000954,4239.0197,buy
1500158738,43864850,0.000936,10.69445514,sell
1500158725,43864837,0.00093701,107.71522993,sell
1500158700,43864804,0.0009429,1.0,buy
1500158688,43864789,0.000943,66.5116231,sell
1500158687,43864788,0.000943,208.41966267,sell
1500158687,43864787,0.000943,125.71301611,sell
1500158687,43864786,0.0009389,174.22685303,buy
1500158687,43864785,0.00093889,213.12884509,buy
1500158618,43864646,0.000936,11.40980725,sell
1500158385,43864014,0.00093701,1000.0,sell
1500158379,43864007,0.000936,124.65750358,sell
1500158365,43863991,0.00093701,3414.2549554,sell
1500158364,43863988,0.00093701,213.1352446,sell
1500158364,43863978,0.000937,17.49559748,sell
1500158363,43863976,0.000937,177.27546117,sell
1500158361,43863973,0.00093599,161.21697239,sell
1500158361,43863972,0.00093599,0.52370497,sell
1500158361,43863971,0.00093599,30.7822146,sell
1500158361,43863970,0.00093599,235.99697859,sell
1500158361,43863969,0.00093599,4.01507147,sell
1500158358,43863964,0.00093599,33.66347114,buy
1500158358,43863963,0.00093579,146.34464104,buy
1500158261,43863722,0.00093599,56.58194373,buy
1500158261,43863721,0.00093589,156.06558456,buy
1500158189,43863369,0.00093599,0.2868058,buy
1500158183,43863359,0.00093589,0.1748051,buy
1500158182,43863354,0.00093599,9.46777933,buy
1500158175,43863331,0.00093579,1.34017235,buy
1500158175,43863330,0.00093589,0.1748051,sell
1500158175,43863329,0.00093589,9.46777933,sell
1500158164,43863297,0.00092342,47.6735,sell
1500158089,43863144,0.000923,11.14828818,sell
1500157737,43862389,0.00093,16.18900276,sell
1500157737,43862381,0.00093,40.81915044,sell
1500157735,43862361,0.00093,81.47780581,sell
1500157735,43862358,0.00093,1.38620085,sell
1500157734,43862351,0.00093,10.62753989,sell
1500157734,43862344,0.00093,0.35272375,sell
1500157734,43862341,0.00093,2.70421538,sell
1500157734,43862335,0.00093,3.39390704,sell
1500157734,43862332,0.00093,41.32580932,sell
1500157733,43862325,0.00093,1.91132889,sell
1500157733,43862321,0.00093,14.65352145,sell
1500157733,43862306,0.00093,32.70921378,sell
1500157733,43862305,0.00093,52.44958064,sell
1500157710,43862269,0.00093,100.0,buy
1500157535,43861941,0.00093599,1148.34185443,buy
1500157486,43861887,0.000926,31.73610151,sell
1500157481,43861880,0.0009126,2192.48328243,sell
1500157481,43861879,0.0009127,1000.0,sell
1500157481,43861878,0.0009239,1.0,sell
1500157481,43861877,0.0009239,3.0,sell
1500157481,43861876,0.0009239,5.0,sell
1500157481,43861875,0.0009239,10.0,sell
1500157481,43861874,0.0009239,20.0,sell
1500157481,43861873,0.0009239,5.0,sell
1500157481,43861872,0.0009239,5.0,sell
1500157481,43861871,0.0009239,5.0,sell
1500157481,43861870,0.000924,115.02671757,sell
1500157420,43861769,0.000935,0.5,sell
1500157329,43861608,0.00094,508.35953181,sell
1500157329,43861607,0.00094,241.64046819,sell
1500157196,43861334,0.00093799,481.7637,buy
1500157196,43861333,0.00093799,3018.2363,buy
1500156479,43857432,0.00095,120.21899371,buy
1500156409,43857113,0.00095,50.0,sell
1500156371,43857052,0.0009569,50.0,buy
1500156365,43857049,0.00093505,3625.33148011,sell
1500156365,43857048,0.00093505,35.82568567,sell
1500156275,43856735,0.000957,650.0,sell
1500156275,43856734,0.000957,2500.0,sell
1500156273,43856726,0.0009574,243.82729197,buy
1500156273,43856721,0.0009574,127.01780199,buy
1500156272,43856720,0.0009574,39.36621348,buy
1500156272,43856719,0.0009575,127.01780199,sell
1500156250,43856599,0.0009574,6.94071144,sell
1500156250,43856597,0.0009574,0.32645983,sell
1500156250,43856592,0.0009574,2.50286221,sell
1500156250,43856588,0.0009574,19.18859291,sell
1500156241,43856540,0.00096,69.72180208,buy
1500156239,43856533,0.0009599,36.51826969,buy
1500156237,43856488,0.0009571,17.74086302,sell
1500156234,43856471,0.0009571,34.86335464,sell
1500156233,43856466,0.0009572,2.84137931,sell
1500156232,43856463,0.0009572,21.78392894,sell
1500156231,43856449,0.0009572,24.80391849,sell
1500156231,43856448,0.0009572,75.10788663,sell
1500156229,43856408,0.0009572,51.90991536,sell
1500156228,43856397,0.0009572,49.09632667,sell
1500156228,43856393,0.0009572,310.63220016,sell
1500156228,43856392,0.0009575,58.55480639,sell
1500156228,43856391,0.0009576,243.82729197,sell
1500156223,43856341,0.0009574,5.031171,sell
1500156222,43856335,0.0009575,22.35098715,sell
1500156222,43856326,0.0009575,18.44320194,sell
1500156222,43856320,0.0009575,43.61053895,sell
1500156191,43856188,0.0009575,0.98057871,sell
1500156190,43856186,0.0009575,0.75197277,sell
1500156190,43856184,0.0009575,5.76512488,sell
1500156190,43856183,0.0009575,0.12790158,sell
1500156190,43856175,0.0009575,0.4061024,sell
1500156189,43856168,0.0009575,1.79960516,sell
1500156189,43856165,0.0009575,0.23473109,sell
1500156183,43856122,0.0009573,50.3392562,sell
1500156183,43856119,0.0009573,3.19127392,sell
1500156183,43856118,0.0009573,29.4485301,sell
1500156183,43856117,0.0009573,20.38903645,sell
1500156183,43856116,0.0009573,1.48086605,sell
1500156180,43856113,0.0009572,29.4485301,buy
1500156180,43856112,0.0009572,20.38903645,buy
1500156180,43856111,0.0009572,1.48086605,buy
1500156179,43856097,0.0009572,11.35330648,sell
1500156174,43856067,0.0009573,5.28530268,sell
1500156174,43856065,0.0009573,102.21299874,sell
1500156174,43856061,0.0009575,53.26884797,sell
1500156173,43856058,0.0009575,6.94811059,sell
1500156173,43856054,0.0009575,0.90468028,sell
1500156173,43856052,0.0009575,6.93588208,sell
1500156173,43856050,0.0009575,53.17509596,sell
1500156142,43855927,0.000957,9.08232835,sell
1500156141,43855923,0.000957,54.13300949,buy
1500156097,43855833,0.0009569,390.98639506,buy
1500156094,43855822,0.000955,301.09051352,buy
1500156093,43855812,0.000955,207.56354973,buy
1500156092,43855795,0.000954,0.06071196,buy
1500156091,43855767,0.000954,4274.5259048,buy
1500156091,43855766,0.000954,151.75518324,buy
1500156089,43855749,0.0009549,395.85448167,buy
1500156055,43855487,0.00095399,127.30807127,buy
1500156043,43855350,0.00095499,3.17358296,buy
1500156043,43855346,0.00095499,15.46076922,buy
1500156043,43855343,0.00095499,2.01661797,buy
1500156042,43855336,0.00095499,3.41440224,buy
1500156042,43855334,0.00095499,26.85611367,buy
1500156042,43855330,0.00095499,26.17709085,buy
1500156036,43855260,0.00095499,2.67760918,buy
1500156036,43855259,0.00095499,6.436392,buy
1500156035,43855241,0.00095499,16.44962234,buy
1500156034,43855209,0.00095499,2.69603138,buy
1500156033,43855202,0.00095499,45.13847265,buy
1500156032,43855187,0.00095499,26.21616304,buy
1500156031,43855179,0.00095499,1.26316117,buy
1500156031,43855178,0.00095489,2.15648922,buy
1500156026,43855014,0.00095499,64.49849845,buy
1500155865,43854260,0.000955,43.12413612,buy
1500155864,43854247,0.000955,25.14810471,buy
1500155862,43854216,0.000955,54.13300949,buy
1500155861,43854188,0.000955,2.32407329,buy
1500155861,43854184,0.000955,17.81791623,buy
1500155861,43854178,0.000955,41.05338219,buy
1500155861,43854177,0.000955,5.35478534,buy
1500155861,43854172,0.000955,22.58090052,buy
1500155860,43854169,0.000955,2.39996858,buy
1500155860,43854165,0.000955,18.39976963,buy
1500155860,43854158,0.000955,3.8825445,buy
1500155860,43854157,0.000955,29.76617801,buy
1500155860,43854154,0.000955,22.26338219,buy
1500155860,43854151,0.000955,3.73512041,buy
1500155860,43854149,0.000955,28.63594764,buy
1500155860,43854142,0.000955,2.90391623,buy
1500155860,43854136,0.000955,2.40554973,buy
1500155860,43854135,0.000955,18.4425445,buy
1500155860,43854128,0.000955,26.28095287,buy
1500155860,43854125,0.000955,3.42794764,buy
1500155860,43854117,0.000955,3.44735078,buy
1500155860,43854115,0.000955,26.42968586,buy
1500155859,43854099,0.000955,61.29109947,buy
1500155858,43854075,0.000955,40.82742408,buy
1500155858,43854063,0.000955,48.03720418,buy
1500155850,43853960,0.000953,30.62440713,buy
1500155850,43853958,0.000953,79.05873031,buy
1500155845,43853903,0.0009539,13.77328092,buy
1500155845,43853897,0.0009539,24.55229559,buy
1500155812,43853786,0.0009256,1780.84039557,sell
1500155812,43853785,0.0009256,1000.0,sell
1500155812,43853784,0.0009476,202.40185371,sell
1500155812,43853783,0.0009476,367.45243126,sell
1500155812,43853782,0.0009477,281.38635642,sell
1500155812,43853781,0.0009492,3304.17510187,sell
1500155812,43853780,0.0009494,78.09400465,sell
1500155812,43853779,0.0009495,10.18617452,sell
1500155812,43853778,0.0009495,1.32863146,sell
1500155812,43853777,0.0009502,585.30670985,sell
1500155812,43853776,0.0009502,0.57853277,sell
1500155812,43853775,0.0009502,206.13855984,sell
1500155812,43853774,0.0009502,139.70643046,sell
1500155812,43853773,0.0009503,3.50708325,sell
1500155812,43853772,0.0009503,34.0048708,sell
1500155812,43853771,0.0009503,4.43541793,sell
1500155812,43853770,0.0009504,0.45744564,sell
1500155789,43853704,0.000954,10.01001001,buy
1500155776,43853592,0.000954,33.09453878,buy
1500155771,43853520,0.000954,1.23827917,buy
1500155771,43853514,0.000954,15.07786983,buy
1500155770,43853508,0.000954,1.22243872,buy
1500155770,43853501,0.000954,71.85223129,buy
1500155770,43853497,0.000954,1.13858041,buy
1500155770,43853495,0.000954,9.37203017,buy
1500155770,43853482,0.000954,8.7291165,buy
1500155769,43853478,0.000954,0.85469601,buy
1500155769,43853471,0.000954,50.23751572,buy
1500155769,43853469,0.000954,6.55271488,buy
1500155769,43853466,0.000954,3.37797693,buy
1500155768,43853427,0.000954,8.0895283,buy
1500155767,43853411,0.000954,4.04236897,buy
1500155767,43853410,0.000954,30.99145702,buy
1500155767,43853401,0.000954,1.05515723,buy
1500155767,43853400,0.000954,62.01976939,buy
1500155767,43853388,0.000954,39.43373026,buy
1500155764,43853312,0.000954,31.91977677,buy
1500155734,43852957,0.00095,21.89896616,buy
1500155733,43852944,0.00095,1.73973684,buy
1500155693,43852770,0.0009455,3.29359709,buy
1500155692,43852765,0.0009455,4721.05364702,buy
1500155677,43852631,0.0009455,72.15333685,buy
1500155672,43852609,0.0009455,58.15534637,buy
1500155668,43852598,0.0009455,136.38387096,buy
1500155645,43852544,0.00093821,65.1797,sell
1500155641,43852534,0.0009455,268.92395557,buy
1500155603,43852397,0.0009455,502.27530987,buy
1500155465,43852122,0.000941,148.58023,buy
1500155465,43852121,0.00094099,951.41977,buy
1500155420,43851993,0.000943,115.67273331,buy
1500155347,43851847,0.000945,2876.43285714,buy
1500155296,43851752,0.0009455,34.19154661,buy
1500155283,43851721,0.000944,67.94996822,buy
1500155282,43851713,0.000944,67.94996822,buy
1500155282,43851711,0.000944,67.94996822,buy
1500155282,43851709,0.000944,67.94996822,buy
1500155282,43851708,0.000944,67.94996822,buy
1500155282,43851707,0.000944,67.94996822,buy
1500155276,43851683,0.000944,67.94996822,buy
1500155276,43851681,0.000944,31.38736228,buy
1500155261,43851655,0.000944,196.05488904,buy
1500155261,43851654,0.000944,378.41655377,buy
1500155259,43851650,0.0009455,1000.0,buy
1500155160,43851348,0.0009454,67.84216816,buy
1500155160,43851347,0.0009454,67.84216816,buy
1500155160,43851346,0.0009454,21.02926493,buy
1500155160,43851341,0.0009454,67.84216816,buy
1500155160,43851340,0.0009454,67.84216816,buy
1500155160,43851339,0.0009454,67.84216816,buy
1500155160,43851338,0.0009454,67.84216816,buy
1500155160,43851333,0.0009454,67.84216816,buy
1500155148,43851260,0.0009455,1203.56938966,buy
1500155148,43851259,0.00094541,0.93,buy
1500155148,43851258,0.00094541,70.0,buy
1500155148,43851247,0.00093799,1076.4488327,buy
1500155147,43851241,0.00093799,167.7817673,buy
1500155147,43851234,0.0009401,35.82568567,buy
1500155147,43851233,0.00094,8000.0,buy
1500155147,43851232,0.00093899,1428.7069,buy
1500155147,43851231,0.000938,4054.22747611,buy
1500155147,43851229,0.000938,403.44202389,buy
1500155071,43851078,0.0009401,70.75807144,buy
1500155070,43851077,0.00094,22.51305,buy
1500155070,43851076,0.00094,21.441,buy
1500155069,43851065,0.00093599,176.1546012,buy
1500155069,43851063,0.00093599,656.3696088,buy
1500155068,43851057,0.000936,293.64458353,buy
1500155068,43851053,0.000936,417.40913431,buy
1500155068,43851050,0.000936,275.07990091,buy
1500155067,43851043,0.000936,275.07990091,buy
1500155067,43851042,0.000936,118.81729689,buy
1500155066,43851037,0.000936,268.40984641,buy
1500155066,43851036,0.000936,319.54693094,buy
1500154996,43850821,0.0009387,40.18847827,buy
1500154994,43850803,0.00093399,974.81740353,buy
1500154994,43850802,0.00093399,144.93979647,buy
1500154992,43850795,0.000934,0.00004505,buy
1500154992,43850787,0.000934,4447.91555495,buy
1500154960,43850743,0.00093299,1000.0,buy
1500154935,43850708,0.000935,1.91572192,buy
1500154935,43850705,0.000935,68.60403208,buy
1500154935,43850703,0.000935,68.60403208,buy
1500154884,43850596,0.0009399,0.58614646,buy
1500154875,43850562,0.00093589,3.77977564,buy
1500154873,43850550,0.00093589,3.77977564,buy
1500154871,43850544,0.0009359,0.58542735,buy
1500154783,43850370,0.00093,100.0,sell
1500154781,43850362,0.00093,47.39133333,sell
1500154780,43850358,0.00093,47.39133333,sell
1500154780,43850356,0.00093,23.52148387,sell
1500154780,43850345,0.00093,47.39133333,sell
1500154780,43850344,0.00093,47.39133333,sell
1500154780,43850343,0.00093,47.39133333,sell
1500154780,43850338,0.00093,47.39133333,sell
1500154780,43850336,0.00093,47.39133333,sell
1500154780,43850334,0.00093,47.39133333,sell
1500154780,43850333,0.00093,47.39133333,sell
1500154780,43850330,0.00093,47.39133333,sell
1500154780,43850327,0.00093,47.39133333,sell
1500154780,43850326,0.00093,47.39133333,sell
1500154780,43850318,0.00093,47.39133333,sell
1500154780,43850317,0.00093,47.39133333,sell
1500154780,43850316,0.00093,47.39133333,sell
1500154779,43850312,0.00093,47.39133333,sell
1500154779,43850311,0.00093,47.39133333,sell
1500154779,43850307,0.00093,47.39133333,sell
1500154662,43850050,0.00092711,46.24463705,sell
1500154656,43850008,0.000927,96.65565763,sell
1500154656,43850007,0.00092611,46.24463705,buy
1500154656,43850000,0.00092621,23.08503471,sell
1500154480,43849585,0.00093646,101.0,buy
1500154340,43849032,0.00093589,190.0,buy
1500154150,43848804,0.00093089,21.75191806,buy
1500154119,43848728,0.0009201,47.80206521,sell
1500154119,43848726,0.0009201,47.80206521,sell
1500154119,43848721,0.0009201,0.28710869,sell
1500154119,43848718,0.0009201,47.80206521,sell
1500154118,43848717,0.0009201,47.80206521,sell
1500154118,43848713,0.0009201,47.80206521,sell
1500154118,43848705,0.0009201,47.80206521,sell
1500154118,43848701,0.0009201,0.28710869,sell
1500154118,43848698,0.0009201,47.80206521,sell
1500154118,43848697,0.0009201,47.80206521,sell
1500154118,43848696,0.0009201,47.80206521,sell
1500154118,43848690,0.0009201,47.80206521,sell
1500154118,43848688,0.0009201,47.80206521,sell
1500154118,43848686,0.0009201,47.80206521,sell
1500154118,43848683,0.0009201,0.28671739,sell
1500154118,43848679,0.0009201,44.96307608,sell
1500154118,43848677,0.0009201,47.80206521,sell
1500154118,43848676,0.0009201,26.05014715,sell
1500154118,43848675,0.00092014,21.75191806,sell
1500154118,43848673,0.00092014,47.80206521,sell
1500154094,43848591,0.00091914,47.75830513,sell
1500154093,43848585,0.0009201,1.11058639,sell
1500154093,43848584,0.0009201,47.75830513,sell
1500154093,43848581,0.0009201,47.75830513,sell
1500154093,43848578,0.0009201,47.75830513,sell
1500154093,43848571,0.00092,23.28918074,sell
1500154084,43848436,0.000916,47.92976109,sell
1500154084,43848433,0.000916,47.92691591,sell
1500154084,43848432,0.000916,15.99061582,sell
1500154084,43848431,0.000916,47.92976109,sell
1500154084,43848424,0.000916,47.92347618,sell
1500154084,43848423,0.000916,26.30553891,sell
1500154084,43848422,0.00091814,21.62422218,sell
1500154084,43848421,0.00091814,47.92976109,sell
1500154077,43848351,0.00091801,47.69807189,sell
1500154076,43848347,0.00091801,10.3546623,sell
1500154076,43848343,0.00091801,47.69807188,sell
1500154076,43848342,0.00091801,47.69807189,sell
1500154076,43848341,0.00091801,47.69807189,sell
1500154076,43848340,0.00091801,47.69807189,sell
1500154076,43848332,0.00091801,47.69807189,sell
1500154076,43848325,0.00091801,47.69807189,sell
1500154076,43848320,0.00091801,47.69807189,sell
1500154076,43848318,0.00091801,47.69807189,sell
1500154076,43848317,0.00091801,47.69807189,sell
1500154076,43848316,0.00091801,47.69807189,sell
1500154076,43848313,0.00091801,47.69807189,sell
1500154076,43848309,0.00091801,47.69807189,sell
1500154076,43848308,0.00091801,47.69807189,sell
1500154076,43848304,0.00091801,47.69807189,sell
1500154076,43848301,0.00091801,47.69807189,sell
1500154076,43848298,0.00091801,47.69807189,sell
1500154076,43848297,0.00091801,47.69807189,sell
1500154076,43848295,0.00091801,47.69807189,sell
1500154076,43848291,0.00091801,47.69807189,sell
1500154076,43848288,0.00091801,47.69807189,sell
1500154076,43848285,0.00091801,1.65949879,sell
1500154076,43848284,0.0009181,46.0385731,sell
1500154076,43848280,0.0009181,47.69807189,sell
1500154076,43848278,0.0009181,47.69807189,sell
1500154075,43848274,0.0009181,47.69807189,sell
1500154075,43848269,0.0009181,47.69807189,sell
1500154075,43848267,0.0009181,47.69807189,sell
1500154075,43848266,0.0009181,47.69807189,sell
1500154075,43848262,0.0009181,47.69807189,sell
1500154075,43848261,0.0009181,47.69807189,sell
1500154075,43848259,0.0009181,47.69807189,sell
1500154075,43848257,0.0009181,47.69807189,sell
1500154075,43848249,0.0009181,47.69807189,sell
1500154075,43848244,0.0009181,47.69807189,sell
1500154075,43848241,0.0009181,47.69807189,sell
1500154075,43848240,0.0009181,47.69807189,sell
1500154075,43848238,0.0009181,47.69807189,sell
1500154075,43848237,0.0009181,47.69807189,sell
1500154075,43848230,0.0009181,47.69807189,sell
1500154075,43848222,0.0009181,47.69807189,sell
1500154075,43848219,0.0009181,47.69806099,sell
1500154075,43848216,0.0009181,47.69807189,sell
1500154066,43848127,0.00091714,7.14771125,sell
1500154059,43848091,0.00092799,7.14771125,buy
1500154052,43848066,0.0009171,1.78389905,sell
1500154040,43847936,0.000931,1.78389905,sell
1500154036,43847874,0.000931,47.07561761,sell
1500154036,43847871,0.000931,47.07561761,sell
1500154036,43847868,0.000931,47.07561761,sell
1500154036,43847859,0.000931,22.98924812,sell
1500153997,43847793,0.000931,1000.0,buy
1500153946,43847569,0.000933,359.2691714,buy
1500153946,43847568,0.0009329,640.7308286,buy
1500153835,43847402,0.00093277,100.95994001,sell
1500153834,43847400,0.00093277,599.34006,buy
1500153834,43847399,0.00093267,299.69999999,buy
1500153826,43847348,0.000933,700.29999999,buy
1500153826,43847347,0.0009329,299.70000001,buy
1500153771,43847267,0.00093099,1000.0,buy
1500153669,43847028,0.0009301,107.74,buy
1500153669,43847027,0.00093009,29.7671237,buy
1500153612,43846892,0.00092998,2.2786152,buy
1500153412,43846079,0.000929,69.55398327,buy
1500153411,43846078,0.000929,40.97483116,buy
1500153358,43845824,0.00092899,28.57915211,buy
1500153358,43845823,0.00092899,40.96942216,buy
1500153358,43845822,0.00092919,69.55398327,sell
1500153358,43845821,0.00092919,69.55398327,sell
1500153341,43845728,0.00092223,69.55398327,buy
1500153338,43845711,0.00092223,0.9328373,buy
1500153331,43845648,0.00092224,7.14771125,buy
1500153278,43845378,0.000926,359.26917202,buy
1500153278,43845377,0.0009259,640.73082798,buy
1500153268,43845320,0.00092859,359.26917605,buy
1500153268,43845319,0.0009285,640.73082395,buy
1500153244,43845235,0.00092368,7.59702339,buy
1500153244,43845234,0.00092145,108.75,buy
1500153210,43845131,0.0009189,9781.47789558,buy
1500153210,43845130,0.0009187,640.73082442,buy
1500153137,43845034,0.00091256,70.36137897,sell
1500153134,43845026,0.00091256,70.36137897,sell
1500153100,43844953,0.00091256,4.83463005,sell
1500153087,43844924,0.00091256,70.33733219,sell
1500153087,43844923,0.00091256,0.0055932,sell
1500152765,43844420,0.00091488,71.31976871,sell
1500152765,43844419,0.00091488,123.76577256,sell
1500152765,43844414,0.00091488,4993.96629053,sell
1500152753,43844377,0.00091488,372.00544371,sell
1500152740,43844356,0.00091488,111.22280517,sell
1500152739,43844346,0.00091488,116.02964976,sell
1500152738,43844343,0.00091488,122.28869287,sell
1500152737,43844341,0.00091488,74.854044,sell
1500152737,43844339,0.00091488,123.76577256,sell
1500152736,43844334,0.00091488,1000.0,sell
1500152735,43844333,0.00091488,3816.36063969,sell
1500152631,43844055,0.00091256,1697.07271926,sell
1500152613,43844014,0.00091256,24.25784605,sell
1500152590,43843925,0.00091256,128.66384149,sell
1500152587,43843905,0.000914,0.00612932,sell
1500152586,43843902,0.000914,997.05942267,sell
1500152546,43843852,0.00091401,1.02741245,sell
1500152483,43843537,0.000923,167.30426368,buy
1500152482,43843527,0.00092301,26.48841398,buy
1500152482,43843526,0.00092301,132.15099328,buy
1500152482,43843525,0.00092301,17.23708607,buy
1500152479,43843457,0.00092238,167.29826929,sell
1500152479,43843456,0.00092238,175.87649333,sell
1500152477,43843433,0.00092301,342.22993526,sell
1500152476,43843425,0.00092301,1207.31286474,sell
1500152476,43843424,0.00092308,167.30426368,sell
1500152476,43843423,0.00092308,174.91997112,sell
1500152475,43843397,0.00092308,0.95652221,sell
1500152475,43843390,0.00092308,36.65958829,sell
1500152449,43843256,0.0009031,1112.46648906,buy
1500152449,43843253,0.0009031,1834.96664766,buy
1500152449,43843252,0.0009013,1096.81157342,buy
1500152448,43843244,0.0009031,80.03109105,sell
1500152448,43843243,0.00090317,212.53608162,sell
1500152448,43843242,0.00090318,425.02966,sell
1500152448,43843241,0.00090318,167.30426368,sell
1500152446,43843220,0.00092,32.487,buy
1500152446,43843219,0.00092,30.94,buy
1500152445,43843202,0.00091758,103.32608162,buy
1500152445,43843201,0.00091758,109.21,buy
1500152444,43843183,0.00091757,167.30426368,buy
1500152443,43843182,0.00091757,257.72539632,buy
1500152412,43843108,0.00091699,129.12912913,buy
1500152409,43843101,0.000917,129.12912913,buy
1500152251,43842544,0.0009,0.68476254,sell
1500152221,43842482,0.00091388,0.59923622,buy
1500152175,43842369,0.000904,0.61522556,sell
1500152163,43842351,0.00090111,0.61522556,sell
1500152151,43842331,0.0009002,0.61522556,sell
1500151895,43841351,0.0009031,0.6010299,sell
1500151812,43840962,0.0009011,96.96244243,sell
1500151746,43840582,0.00091029,0.61522556,buy
1500151706,43840485,0.0009031,345.13158708,buy
1500151706,43840484,0.0009031,2548.45236974,buy
1500151706,43840482,0.0009031,921.17380135,buy
1500151706,43840481,0.0009031,362.70805191,buy
1500151706,43840480,0.0009031,110.11585463,buy
1500151706,43840476,0.0009031,196.93574354,buy
1500151691,43840434,0.000898,45.96053084,sell
1500151691,43840433,0.0008981,45.96053084,buy
1500151691,43840432,0.000898,303.61039884,sell
1500151690,43840431,0.0008982,225.95323681,sell
1500151675,43840405,0.000901,497.3634485,sell
1500151673,43840400,0.0009001,241.11289832,buy
1500151673,43840399,0.0009001,303.61039884,buy
1500151672,43840391,0.0009001,1127.04108106,sell
1500151672,43840383,0.0009001,271.91376765,sell
1500151661,43840299,0.0009032,302.137581,sell
1500151602,43840181,0.000901,166.299199,sell
1500151536,43840084,0.0008991,205.4268,sell
1500151535,43840080,0.0008991,23.262973,sell
1500151053,43839152,0.00091075,439.13095983,buy
1500151018,43839096,0.000899,12.542709,sell
1500151018,43839095,0.000899,14.674971,sell
1500150989,43839022,0.000899,3738.49530215,sell
1500150979,43839006,0.000899,1969.457262,sell
1500150964,43838991,0.000898,22.795,sell
1500150957,43838980,0.000899,9504.05655434,sell
1500150957,43838979,0.0009,500.0,sell
1500150957,43838978,0.0009,24.15716666,sell
1500150957,43838977,0.0009,33.0,sell
1500150957,43838976,0.0009,2000.0,sell
1500150957,43838975,0.0009,100.0,sell
1500150957,43838974,0.0009,50.0,sell
1500150957,43838973,0.000901,350.0,sell
1500150930,43838915,0.000902,349.99372292,sell
1500150930,43838913,0.000902,2707.15159605,sell
1500150930,43838908,0.000902,4088.58393457,sell
1500150929,43838907,0.000902,4026.599719,sell
1500150929,43838906,0.0009021,1000.0,sell
1500150767,43838621,0.00090757,625.1024578,sell
1500150759,43838597,0.00090757,1074.8975422,sell
1500150759,43838596,0.00091758,0.0058374,sell
1500150757,43838590,0.00091758,1068.41076784,sell
1500150754,43838566,0.00091758,182.361245,sell
1500150753,43838559,0.00091758,109.21,sell
1500150753,43838556,0.00091758,44.043151,sell
1500150752,43838549,0.00091758,69.817835,sell
1500150752,43838545,0.00091758,27.49321828,sell
1500150750,43838537,0.00091758,60.74319052,sell
1500150749,43838529,0.00091758,27.20521696,sell
1500150749,43838528,0.00091758,10.709538,sell
1500150709,43838480,0.000919,589.927177,sell
1500150709,43838479,0.00091901,3686.7407,sell
1500150699,43838465,0.000919,7099.64353244,sell
1500150699,43838464,0.000919,166.32083662,sell
1500150698,43838459,0.000919,4276.65213094,sell
1500150698,43838458,0.00092541,0.01574606,sell
1500150687,43838433,0.00092541,20.98425394,sell
1500150682,43838421,0.000938,995.42966593,buy
1500150682,43838420,0.0009301,4.68487443,buy
1500150680,43838409,0.0009301,237.83753359,sell
1500150650,43838350,0.00093801,345.13158708,sell
1500150642,43838334,0.00093802,116.43026309,buy
1500150642,43838333,0.00093802,106.82455077,buy
1500150635,43838325,0.00093803,0.00544923,sell
1500150632,43838315,0.00093803,690.17772077,sell
1500150630,43838308,0.00093802,345.06805141,sell
1500150630,43838305,0.00093802,345.12609859,sell
1500150498,43837987,0.0009401,0.00624289,sell
1500150111,43837179,0.0009549,16.03447999,buy
1500150111,43837178,0.000945,106.04,buy
1500150111,43837177,0.000945,131.9997246,buy
1500150111,43837176,0.000945,132.00579541,buy
1500150071,43837041,0.0009401,122.38171583,sell
1500150070,43837029,0.000945,132.0057954,sell
1500149974,43836842,0.000945,289.34966713,sell
1500149961,43836826,0.000945,382.000382,sell
1500149926,43836774,0.000945,196.64415546,sell
1500149550,43835999,0.000955,62.0,buy
1500149550,43835998,0.0009549,1000.0,buy
1500149509,43835937,0.000955,2000.0,buy
1500149434,43835678,0.0009562,2.0,buy
1500149238,43835371,0.00095541,610.0,buy
1500149146,43835317,0.00095541,190.0,buy
1500149112,43835286,0.00095541,1000.0,buy
1500149062,43835248,0.0009554,999.83618049,buy
1500149062,43835247,0.0009538,0.16381951,buy
1500148926,43835159,0.0009529,993.98192909,sell
1500148919,43835148,0.0009509,6.01807091,buy
1500148559,43834772,0.00094,62.82978723,sell
1500148466,43834697,0.00094,1000.0,sell
1500148231,43834534,0.0009553,113.55282604,buy
1500148231,43834533,0.00095,21.312,buy
1500148130,43834146,0.000947,0.06364622,buy
1500148130,43834140,0.000947,5908.54265378,buy
1500148128,43834134,0.00094799,260.46161816,buy
1500148127,43834133,0.00094799,50.0,buy
1500148126,43834131,0.000948,462.62025316,buy
1500148118,43834116,0.000949,17.67538461,buy
1500148041,43834051,0.000945,0.96355986,buy
1500147983,43833900,0.000945,1951.62980169,buy
1500147875,43833738,0.000945,9.33733333,buy
1500147875,43833733,0.000945,71.58620105,buy
1500147875,43833732,0.000945,1.21790476,buy
1500147875,43833730,0.000945,0.15885714,buy
1500147872,43833724,0.000945,7.17869841,buy
1500147871,43833722,0.000945,0.93635978,buy
1500147871,43833719,0.000945,55.03670899,buy
1500147871,43833718,0.000945,0.12212698,buy
1500147711,43833336,0.000944,120.62062062,buy
1500147710,43833328,0.000944,120.87182203,buy
1500147677,43833284,0.000944,2.0,buy
1500147667,43833249,0.000944,1155.04449153,buy
1500147599,43833145,0.00093701,20.31043756,sell
1500147584,43833122,0.000945,1060.7865291,buy
1500147533,43833060,0.000945,175.34656326,buy
1500147533,43833059,0.000945,400.51106699,buy
1500147533,43833058,0.000945,238.24582001,buy
1500147532,43833057,0.000945,783.450026,buy
1500147529,43833045,0.00094199,425.90451409,buy
1500147529,43833043,0.00094199,1603.46338591,buy
1500147505,43833013,0.00094499,173.61154086,buy
1500147379,43832907,0.000942,148.24736211,buy
1500147377,43832902,0.00094299,190.33363732,buy
1500147376,43832900,0.000943,147.43297985,buy
1500147375,43832892,0.000943,485.85034107,buy
1500147179,43832687,0.000947,236.18019086,buy
1500147179,43832686,0.000947,447.29589769,buy
1500147179,43832684,0.000947,482.6063566,buy
1500147178,43832683,0.000947,255.42634415,buy
1500147178,43832680,0.000947,182.71393158,buy
1500147178,43832678,0.000947,120.10198419,buy
1500147178,43832676,0.000947,266.33321026,buy
1500147177,43832668,0.00094799,201.18799679,buy
1500147177,43832666,0.00094799,189.90423949,buy
1500147151,43832638,0.00094799,115.30126525,buy
1500147151,43832633,0.00094799,433.69066455,buy
1500147150,43832629,0.00094799,123.17593879,buy
1500147150,43832628,0.0009479,146.40674053,buy
1500147150,43832626,0.0009479,159.570654,buy
1500147150,43832625,0.0009479,392.87324894,buy
1500147150,43832623,0.0009479,195.67043248,buy
1500147150,43832621,0.0009479,105.47892405,buy
1500146965,43832265,0.00094,100.0,sell
1500146963,43832260,0.00094129,371.65846808,buy
1500146963,43832259,0.00094129,199.80509805,buy
1500146960,43832257,0.0009413,371.65846808,sell
1500146934,43832213,0.0009431,371.65846808,sell
1500146934,43832212,0.0009431,199.80509805,sell
1500146931,43832209,0.000943,1000.0,sell
1500146921,43832195,0.000942,1000.0,sell
1500146917,43832189,0.00094799,44.9162,buy
1500146912,43832170,0.00094,0.00004024,buy
1500146912,43832168,0.0009399,170.32355381,buy
1500146912,43832166,0.0009399,210.46513829,buy
1500146912,43832165,0.0009399,110.1120851,buy
1500146912,43832164,0.0009399,208.83778723,buy
1500146910,43832156,0.00094,5610.99995976,buy
1500146882,43832112,0.0009499,48.48902597,buy
1500146847,43832077,0.0009499,0.62523659,buy
1500146813,43831991,0.000935,0.36805347,buy
1500146813,43831989,0.000935,720.67749505,buy
1500146811,43831984,0.000935,720.67749505,buy
1500146811,43831982,0.000935,5000.0,sell
1500146811,43831980,0.0009459,167.79149048,buy
1500146811,43831978,0.0009459,245.29984143,buy
1500146811,43831977,0.0009459,314.31733615,buy
1500146811,43831976,0.0009459,465.07516913,buy
1500146810,43831972,0.0009459,142.19186046,buy
1500146810,43831968,0.0009459,669.93235729,buy
1500146797,43831952,0.0009044,9810.01379186,sell
1500146797,43831951,0.000909,50.0,sell
1500146797,43831950,0.00091,281.72436263,sell
1500146797,43831949,0.0009123,103.89148278,sell
1500146797,43831948,0.000915,2000.0,sell
1500146797,43831947,0.00091557,1650.0,sell
1500146797,43831946,0.0009156,1000.0,sell
1500146797,43831945,0.0009156,10000.0,sell
1500146797,43831944,0.00091567,293.33716273,sell
1500146797,43831943,0.0009347,4278.0,sell
1500146797,43831942,0.00093471,3533.0332,sell
1500146691,43831702,0.0009348,9.56102962,sell
1500146609,43831430,0.000952,721.15843816,buy
1500146595,43831373,0.00094312,21.2609318,sell
1500146595,43831372,0.00094402,15.21316443,sell
1500146509,43830993,0.00095,0.16378049,sell
1500146509,43830992,0.0009501,0.16381951,sell
1500146489,43830935,0.000941,8.46862934,sell
1500146489,43830934,0.00095,4.70294996,sell
1500146483,43830867,0.0009501,0.16381951,sell
1500146476,43830825,0.0009501,0.16381951,sell
1500146474,43830803,0.0009501,13.33539881,sell
1500146472,43830793,0.0009501,117.51172508,sell
1500146472,43830790,0.0009501,174.71072518,sell
1500146471,43830785,0.0009501,127.86319869,sell
1500146471,43830784,0.0009502,0.16381951,sell
1500146462,43830691,0.0009501,5.50411974,sell
1500146462,43830690,0.00095021,56.68714946,sell
1500146462,43830689,0.0009516,19.77177385,sell
1500146460,43830650,0.000955,0.16381951,sell
1500146459,43830629,0.00095499,0.16381951,buy
1500146453,43830588,0.0009516,0.38113241,sell
1500146452,43830580,0.0009516,191.703857,sell
1500146452,43830576,0.0009516,2.92201511,sell
1500146451,43830568,0.0009516,191.62571532,sell
1500146451,43830567,0.0009516,137.7410053,sell
1500146450,43830559,0.0009516,242.26555165,sell
1500146450,43830558,0.0009517,0.16381951,sell
1500146443,43830523,0.000955,761.72268361,buy
1500146443,43830522,0.0009549,0.27731639,buy
1500146404,43830358,0.000955,39.77043237,sell
1500146403,43830356,0.0009549,7.40695915,buy
1500146403,43830355,0.0009549,1.3258447,buy
1500146403,43830354,0.0009549,1.25592864,buy
1500146403,43830353,0.0009549,0.17293809,buy
1500146402,43830348,0.0009549,10.16478488,buy
1500146399,43830336,0.0009549,19.44397691,buy
1500146399,43830331,0.000955,0.16381951,sell
1500146396,43830272,0.0009549,0.27461487,sell
1500146394,43830254,0.0009548,0.27731639,buy
1500146392,43830247,0.0009545,5.04737003,sell
1500146392,43830246,0.0009549,1.4183879,buy
1500146389,43830234,0.0009544,0.27461487,buy
1500146388,43830225,0.000955,1.64739896,sell
1500146387,43830221,0.000955,2.97880343,sell
1500146386,43830213,0.0009544,22.61982715,sell
1500146386,43830212,0.0009544,17.31442473,sell
1500146386,43830209,0.0009544,1.07177505,sell
1500146386,43830208,0.000955,0.78133685,sell
1500146386,43830207,0.0009549,0.27731639,buy
1500146383,43830185,0.0009544,1.05777713,sell
1500146380,43830175,0.0009562,0.71990387,buy
1500146378,43830172,0.0009562,1.05865324,buy
1500146376,43830160,0.0009563,0.71990387,sell
1500146376,43830156,0.0009562,1.05777713,buy
1500146373,43830129,0.0009563,0.50979798,buy
1500146373,43830128,0.0009563,0.27731639,buy
1500146371,43830111,0.0009542,1.05777713,sell
1500146362,43830073,0.000953,6.29246533,sell
1500146362,43830067,0.000953,2.86816403,sell
1500146362,43830066,0.000953,0.17293809,sell
1500146362,43830065,0.000953,1.3258447,sell
1500146362,43830064,0.000953,1.4183879,sell
1500146357,43830039,0.0009529,0.29656903,sell
1500146356,43830037,0.0009529,0.75460251,sell
1500146356,43830031,0.000953,18.41679734,buy
1500146356,43830030,0.000953,103.85319513,buy
1500146356,43830029,0.0009529,5.78533472,buy
1500146356,43830028,0.0009529,0.70831588,buy
1500146355,43830026,0.0009529,5.58414945,buy
1500146355,43830025,0.0009529,0.75484784,buy
1500146352,43830008,0.0009528,1.05836481,sell
1500146350,43830002,0.0009528,0.65372384,sell
1500146349,43829998,0.0009528,1.04454087,sell
1500146349,43829997,0.0009528,0.75225311,sell
1500146347,43829979,0.0009528,5.58414945,buy
1500146346,43829977,0.0009516,7.5927833,sell
1500146345,43829973,0.0009516,2.8370626,sell
1500146343,43829968,0.0009516,7.1351706,sell
1500146343,43829965,0.0009517,2.40938779,buy
1500146342,43829939,0.0009517,2.19763232,buy
1500146342,43829937,0.0009517,1.04026862,buy
1500146342,43829932,0.0009518,1.04026862,sell
1500146342,43829930,0.0009525,1.45909492,buy
1500146342,43829929,0.0009525,0.65372384,buy
1500146342,43829928,0.0009524,0.29656903,buy
1500146338,43829923,0.0009525,2.62440707,buy
1500146338,43829922,0.0009525,2.77074391,buy
1500146337,43829917,0.0009525,2.19763232,buy
1500146336,43829913,0.0009525,2.40938779,buy
1500146334,43829910,0.0009525,0.21501928,sell
1500146333,43829906,0.0009525,0.82524934,sell
1500146333,43829898,0.0009525,2.19763232,sell
1500146332,43829894,0.0009525,1.35959465,sell
1500146332,43829893,0.0009525,0.04113003,sell
1500146332,43829892,0.0009525,0.61259381,sell
1500146332,43829888,0.0009525,0.56399581,sell
1500146332,43829882,0.0009525,0.20222803,sell
1500146332,43829881,0.0009525,0.81881467,sell
1500146329,43829857,0.0009525,0.75225311,buy
1500146329,43829856,0.0009525,0.64847157,buy
1500146328,43829848,0.0009525,0.3960693,buy
1500146328,43829847,0.0009525,1.35959465,buy
1500146328,43829846,0.0009525,0.65372384,buy
1500146315,43829800,0.0009516,4.65018311,sell
1500146314,43829797,0.0009516,2.40457142,sell
1500146313,43829788,0.0009516,2.40457142,sell
1500146311,43829785,0.0009516,2.40457142,sell
1500146289,43829740,0.0009516,6.99339615,sell
1500146286,43829738,0.0009516,8.37277173,sell
1500146286,43829737,0.0009516,2.37080445,sell
1500146284,43829732,0.0009516,2.37080445,sell
1500146283,43829724,0.0009516,2.37080445,sell
1500146283,43829721,0.0009516,2.37080445,sell
1500146279,43829706,0.000952,0.64119246,buy
1500146277,43829699,0.0009521,2.37080445,buy
1500146276,43829686,0.0009522,0.64119246,sell
1500146275,43829681,0.0009533,4.44360903,buy
1500146275,43829680,0.0009533,0.29656903,buy
1500146274,43829676,0.0009535,6.93254553,buy
1500146274,43829675,0.0009534,1.04454087,buy
1500146274,43829674,0.0009534,0.75225311,buy
1500146274,43829673,0.0009534,0.56399581,buy
1500146274,43829672,0.0009534,0.65372384,buy
1500146274,43829671,0.0009534,0.20222803,buy
1500146274,43829670,0.0009534,1.35959465,buy
1500146274,43829669,0.0009534,0.81881467,buy
1500146273,43829660,0.0009521,0.73818312,sell
1500146273,43829659,0.0009521,0.64119246,sell
1500146270,43829656,0.000952,1.04454087,buy
1500146270,43829655,0.000952,0.73818312,buy
1500146270,43829654,0.000952,0.56399581,buy
1500146270,43829653,0.000952,0.75225311,buy
1500146270,43829652,0.000952,0.20222803,buy
1500146270,43829651,0.000952,0.65372384,buy
1500146265,43829632,0.0009504,1.75566395,sell
1500146260,43829611,0.0009518,0.6151405,buy
1500146260,43829610,0.0009503,1.75566395,buy
1500146252,43829556,0.0009501,12.1323566,sell
1500146251,43829552,0.0009501,20.9171874,sell
1500146249,43829547,0.0009501,0.49716075,sell
1500146249,43829546,0.0009503,1.75566395,buy
1500146246,43829522,0.0009501,10.89899344,sell
1500146246,43829521,0.0009502,1.75566395,sell
1500146243,43829487,0.0009522,0.75220576,buy
1500146243,43829486,0.0009522,20.9171874,buy
1500146243,43829485,0.0009522,0.81881467,buy
1500146243,43829484,0.0009522,0.64119246,buy
1500146243,43829483,0.0009522,0.20222803,buy
1500146243,43829482,0.0009522,0.29656903,buy
1500146243,43829481,0.0009522,1.35959465,buy
1500146240,43829465,0.0009523,1.75566395,sell
1500146239,43829430,0.0009522,0.65372384,buy
1500146235,43829379,0.0009523,3.31312838,buy
1500146234,43829363,0.0009523,6.37241965,buy
1500146234,43829362,0.0009523,14.77916105,buy
1500146234,43829361,0.0009523,6.13802635,buy
1500146232,43829350,0.0009524,3.31312838,sell
1500146229,43829336,0.0009523,8.49692331,sell
1500146229,43829333,0.0009523,0.2343933,sell
1500146226,43829300,0.0009523,3.01388075,sell
1500146226,43829299,0.0009521,1.04454087,buy
1500146226,43829298,0.0009517,0.2343933,buy
1500146226,43829297,0.0009516,0.64119246,buy
1500146226,43829296,0.0009516,0.57962379,buy
1500146226,43829295,0.0009516,8.49692331,buy
1500146225,43829281,0.0009501,6.22165035,sell
1500146223,43829272,0.0009501,3.38063361,sell
1500146223,43829269,0.0009501,6.18366487,sell
1500146223,43829262,0.0009501,10.46018313,sell
1500146223,43829261,0.0009501,1.36437217,sell
1500146223,43829260,0.0009501,0.17796021,sell
1500146222,43829254,0.0009501,17.53239658,sell
1500146222,43829250,0.0009501,0.59162193,sell
1500146222,43829243,0.0009501,4.53580675,sell
1500146222,43829242,0.0009501,6.13917482,sell
1500146222,43829238,0.0009501,6.08749605,sell
1500146222,43829232,0.0009501,2.66414061,sell
1500146222,43829227,0.0009501,0.34750026,sell
1500146222,43829221,0.0009501,20.42513419,sell
1500146214,43829171,0.0009518,0.91391806,buy
1500146211,43829132,0.0009501,5.87538757,sell
1500146211,43829131,0.0009502,0.25726162,sell
1500146209,43829128,0.0009519,0.91391806,buy
1500146209,43829124,0.0009519,2.16600583,buy
1500146209,43829123,0.0009519,1.04454087,buy
1500146209,43829122,0.0009519,0.56399581,buy
1500146209,43829121,0.0009519,0.84702261,buy
1500146208,43829112,0.0009519,2.16685814,buy
1500146208,43829111,0.0009519,0.73818312,buy
1500146208,43829110,0.0009518,0.2343933,buy
1500146208,43829109,0.0009518,2.99914109,buy
1500146207,43829105,0.0009518,5.49778222,buy
1500146207,43829104,0.0009518,0.64119246,buy
1500146205,43829094,0.0009501,1.71168297,sell
1500146202,43829081,0.0009501,6.1394169,sell
1500146199,43829068,0.0009501,3.73123881,sell
1500146198,43829060,0.0009501,13.91444058,sell
1500146197,43829054,0.0009501,1.60344174,sell
1500146195,43829038,0.0009501,2.70276812,sell
1500146195,43829033,0.0009501,0.2091464,sell
1500146195,43829028,0.0009501,3.2901905,sell
1500146194,43829024,0.0009501,0.42917587,sell
1500146194,43829022,0.0009501,2.47202399,sell
1500146194,43829020,0.0009501,18.95222608,sell
1500146194,43829016,0.0009501,0.32243974,sell
1500146168,43828802,0.0009503,5.31513298,buy
1500146166,43828781,0.00094331,0.00002738,sell
1500146166,43828780,0.00094503,9.87069467,sell
1500146165,43828765,0.00094503,0.00002205,buy
1500146165,43828756,0.00094503,9.8707,buy
1500146158,43828668,0.00094321,0.56368822,sell
1500146156,43828633,0.00094611,0.3423809,sell
1500146153,43828577,0.0009505,1.36608119,buy
1500146150,43828533,0.0009506,0.2343933,buy
1500146121,43828287,0.00094502,1.49343142,sell
1500146120,43828286,0.00094502,4.05606108,sell
1500146111,43828187,0.0009504,9.53199045,buy
1500146111,43828186,0.0009504,1.40061715,buy
1500146111,43828185,0.0009504,10.73811715,buy
1500146111,43828184,0.0009504,1.93657949,buy
1500146111,43828183,0.0009504,1.79706066,buy
1500146111,43828182,0.0009504,0.18268828,buy
1500146111,43828181,0.0009501,5.31512701,buy
1500146111,43828180,0.0009501,0.23438739,buy
1500146111,43828177,0.0009501,18.33413488,buy
1500146111,43828176,0.0009496,0.72384937,buy
1500146111,43828175,0.0009495,4.8256594,buy
1500146111,43828174,0.0009495,0.7238385,buy
1500146111,43828173,0.0009494,0.00000535,buy
1500146110,43828171,0.0009494,0.25258879,buy
1500146110,43828170,0.0009494,31.54552558,buy
1500146096,43828089,0.0009494,1.30625658,buy
1500145934,43827577,0.000956,6.27757917,sell
1500145934,43827576,0.000956,1.10829435,sell
1500145934,43827575,0.000956,0.6195177,sell
1500145934,43827574,0.000956,0.13624446,sell
1500145934,43827573,0.000956,1.50732727,sell
1500145933,43827570,0.000956,0.19661335,sell
1500145933,43827569,0.000956,0.24479633,sell
1500145933,43827568,0.000956,0.71696456,sell
1500145933,43827563,0.000956,1.8768205,sell
1500145933,43827562,0.000956,29.15039197,sell
1500145933,43827561,0.000956,6118.4018,buy
1500145933,43827560,0.00095599,1409.006,buy
1500145933,43827559,0.0009559,1.01627252,buy
1500145933,43827558,0.0009559,2.17160029,buy
1500145933,43827557,0.0009559,0.40633808,buy
1500145932,43827556,0.00095599,1000.0,buy
1500145924,43827432,0.0009567,0.28325493,sell
1500145924,43827426,0.0009567,17.92779345,sell
1500145924,43827425,0.0009567,2.33841329,sell
1500145924,43827424,0.0009599,1890.87036441,sell
1500145924,43827423,0.0009599,0.32397825,sell
1500145924,43827422,0.0009599,0.30500679,sell
1500145924,43827421,0.0009599,18.64965883,sell
1500145924,43827420,0.0009599,2.48379847,sell
1500145923,43827419,0.0009599,2.07139959,sell
1500145923,43827418,0.0009567,2.17160029,buy
1500145923,43827417,0.0009567,0.28325493,buy
1500145923,43827416,0.0009567,17.92779345,buy
1500145923,43827415,0.0009567,0.30500679,buy
1500145923,43827414,0.0009567,2.33841329,buy
1500145923,43827413,0.0009567,0.32397825,buy
1500145923,43827412,0.0009565,32.85178216,buy
1500145923,43827411,0.0009565,0.81881467,buy
1500145923,43827410,0.0009565,8.17114479,buy
1500145923,43827409,0.0009565,8.49692331,buy
1500145923,43827408,0.0009565,1.10829435,buy
1500145923,43827407,0.0009565,6.27757917,buy
1500145923,43827406,0.0009565,1.04454087,buy
1500145923,43827405,0.0009565,0.13624446,buy
1500145923,43827404,0.0009565,0.6195177,buy
1500145923,43827403,0.0009565,1.50732727,buy
1500145923,43827402,0.0009565,0.71696456,buy
1500145923,43827401,0.0009565,0.19661335,buy
1500145916,43827317,0.0009567,8.49692331,buy
1500145916,43827316,0.0009567,1.10829435,buy
1500145907,43827231,0.00095701,0.66709856,sell
1500145907,43827228,0.00095701,1.56956562,sell
1500145907,43827227,0.00095701,0.29308993,sell
1500145907,43827225,0.00095701,3.04031212,sell
1500145907,43827221,0.00095701,18.87856053,sell
1500145906,43827220,0.00095701,0.20222147,sell
1500145906,43827219,0.00095701,1.55040647,sell
1500145906,43827218,0.00095701,4.22931839,sell
1500145906,43827217,0.00095701,8.49692331,buy
1500145906,43827216,0.00095701,18.64965883,buy
1500145906,43827215,0.00095701,1.10829435,buy
1500145906,43827214,0.00095692,34.51438841,buy
1500145906,43827213,0.00095692,0.58719775,buy
1500145906,43827212,0.00095692,4.50187038,buy
1500145906,43827211,0.00095692,0.44251948,buy
1500145906,43827210,0.00095691,1.51888223,buy
1500145906,43827209,0.00095691,3.56888642,buy
1500145906,43827208,0.00095691,0.19811508,buy
1500145906,43827207,0.00095691,0.27451123,buy
1500145906,43827206,0.00095691,2.10460705,buy
1500145906,43827205,0.00095691,11.64476383,buy
1500145906,43827204,0.00095691,12.90105641,buy
1500145906,43827203,0.00095691,0.66709856,buy
1500145906,43827202,0.0009569,0.55164522,buy
1500145906,43827201,0.0009569,32.42473955,buy
1500145906,43827200,0.0009569,88.38090625,buy
1500145898,43827101,0.0009392,55.22339277,sell
1500145898,43827100,0.00095701,1431.95278979,sell
1500145898,43827099,0.00095702,2816.61752076,sell
1500145897,43827089,0.00095702,1.64188836,sell
1500145897,43827088,0.00095702,12.58785301,sell
1500145896,43827084,0.00095702,1.89712858,sell
1500145896,43827078,0.00095702,2.32021274,sell
1500145896,43827072,0.00095702,0.30263735,sell
1500145896,43827064,0.00095702,28.2519592,sell
1500145896,43827055,0.0009571,13.48815071,sell
1500145895,43827039,0.0009571,1.12626695,sell
1500145894,43827032,0.0009571,3.85968945,sell
1500145893,43827021,0.0009571,3.64173833,sell
1500145892,43827018,0.0009571,2.53552209,sell
1500145892,43827014,0.0009571,0.27725945,sell
1500145892,43827009,0.0009571,10.13004448,sell
1500145892,43827007,0.0009571,2.12565578,sell
1500145892,43827003,0.0009571,16.29669433,sell
1500145892,43827001,0.0009571,5.44478114,sell
1500145892,43826998,0.0009571,1.16882791,sell
1500145892,43826996,0.0009571,2.00548583,sell
1500145892,43826988,0.0009571,2.73637684,sell
1500145892,43826984,0.0009571,1.28339306,sell
1500145892,43826978,0.0009571,3.30479305,sell
1500145891,43826976,0.0009571,0.35692417,sell
1500145891,43826973,0.0009571,6.82616691,sell
1500145891,43826966,0.0009571,0.11897472,sell
1500145891,43826963,0.0009571,0.38821955,sell
1500145891,43826960,0.0009571,20.97893438,sell
1500145891,43826951,0.0009571,0.38303674,sell
1500145891,43826943,0.0009571,2.93657328,sell
1500145891,43826939,0.0009571,22.51372503,sell
1500145890,43826933,0.0009571,4.58152997,sell
1500145890,43826931,0.0009571,0.59759041,sell
1500145890,43826930,0.0009571,1.00642626,sell
1500145890,43826929,0.0009571,0.13127344,sell
1500145890,43826928,0.0009571,0.39477121,sell
1500145890,43826926,0.0009571,2.64663901,sell
1500145889,43826918,0.0009571,7.71595908,sell
1500145889,43826911,0.0009571,4.94043949,sell
1500145889,43826905,0.0009571,0.4955643,sell
1500145889,43826902,0.0009571,0.44449901,sell
1500145888,43826899,0.0009571,3.79933334,sell
1500145888,43826893,0.0009571,3.40778048,sell
1500145888,43826886,0.0009571,0.32491823,sell
1500145888,43826884,0.0009571,2.49106069,sell
1500145887,43826880,0.0009571,0.17925435,sell
1500145887,43826878,0.0009571,0.79298238,sell
1500145887,43826875,0.0009571,10.53613299,sell
1500145887,43826871,0.0009571,6.07951766,sell
1500145887,43826870,0.0009571,1.37427639,sell
1500145886,43826857,0.0009571,0.15118355,sell
1500145886,43826856,0.0009571,1.15907387,sell
1500145886,43826854,0.0009571,8.88623301,sell
1500145886,43826849,0.0009571,0.65089548,sell
1500145886,43826843,0.0009571,38.25875112,sell
1500145886,43826842,0.0009571,4.99028233,sell
1500145886,43826841,0.0009571,0.24638983,sell
1500145886,43826840,0.0009571,34.744573,sell
1500145886,43826829,0.0009571,11.39352364,sell
1500145885,43826824,0.0009571,3.85968945,sell
1500145885,43826819,0.0009571,25.8748302,sell
1500145885,43826816,0.0009571,0.40524753,sell
1500145885,43826812,0.0009571,25.87266723,sell
1500145884,43826804,0.0009571,0.81031744,sell
1500145879,43826756,0.0009571,2.86727549,sell
1500145879,43826752,0.0009571,35.15227476,sell
1500145879,43826751,0.0009571,0.61408733,sell
1500145878,43826737,0.0009571,1.27264082,sell
1500145878,43826735,0.0009571,0.56308404,sell
1500145878,43826731,0.0009571,0.81033636,sell
1500145878,43826712,0.0009571,3.99237712,sell
1500145878,43826710,0.0009571,0.46549147,sell
1500145875,43826699,0.0009571,0.52074484,sell
1500145874,43826684,0.0009571,0.43628845,sell
1500145873,43826671,0.0009571,1.94510779,sell
1500145873,43826669,0.0009571,14.91249306,sell
1500145873,43826664,0.0009571,1.70543672,sell
1500145872,43826655,0.0009571,21.53610087,sell
1500145872,43826654,0.0009571,10.5958184,sell
1500145872,43826653,0.0009571,0.18026951,sell
1500145871,43826652,0.0009571,1.38205237,sell
1500145871,43826642,0.0009571,6.15371577,sell
1500145871,43826639,0.0009571,0.80265858,sell
1500145871,43826631,0.0009571,0.61408733,sell
1500145871,43826629,0.0009571,4.70800288,sell
1500145870,43826610,0.0009571,0.50075755,sell
1500145870,43826600,0.0009571,3.83920044,sell
1500145869,43826585,0.0009571,2.08803296,sell
1500145869,43826583,0.0009571,34.60491311,sell
1500145869,43826581,0.0009571,0.44208062,sell
1500145869,43826580,0.0009571,3.3893231,sell
1500145869,43826573,0.0009571,29.88225624,sell
1500145869,43826571,0.0009571,0.13499054,sell
1500145869,43826570,0.0009571,1.59510151,sell
1500145869,43826569,0.0009571,0.20806035,sell
1500145869,43826567,0.0009571,19.42269312,sell
1500145868,43826555,0.0009571,25.27836699,sell
1500145866,43826542,0.0009571,5.42030908,sell
1500145865,43826533,0.0009571,54.98908057,sell
1500145865,43826523,0.0009571,23.4082089,sell
1500145865,43826522,0.0009571,34.34415795,sell
1500145864,43826501,0.0009571,0.33507831,sell
1500145862,43826468,0.0009571,1.27251259,sell
1500145861,43826460,0.0009571,15.4947023,sell
1500145860,43826442,0.0009571,1.88880065,sell
1500145860,43826440,0.0009571,22.99888194,sell
1500145860,43826434,0.0009571,49.67423958,sell
1500145860,43826430,0.0009571,0.82494618,sell
1500145860,43826425,0.0009571,51.2039375,sell
1500145860,43826421,0.0009571,6.32463271,sell
1500145860,43826420,0.0009571,13.50816666,sell
1500145860,43826418,0.0009571,1.03854673,sell
1500145859,43826408,0.0009571,12.64587991,sell
1500145859,43826399,0.0009571,6.4705512,sell
1500145859,43826398,0.000958,0.56308404,sell
1500145859,43826396,0.000958,0.91776556,sell
1500145859,43826381,0.000958,2.80907168,sell
1500145858,43826380,0.000958,0.36639874,sell
1500145856,43826356,0.00095801,34.71284774,sell
1500145843,43826294,0.00096,718.17882291,sell
1500145843,43826293,0.00096,193.17704163,sell
1500145840,43826285,0.000958,1.12501043,sell
1500145814,43826260,0.0009581,13.46397976,sell
1500145812,43826254,0.0009581,2.98678914,sell
1500145796,43826219,0.0009581,27.28567099,sell
1500145795,43826206,0.000958,2.30431106,sell
1500145794,43826199,0.000958,29.97865344,sell
1500145791,43826190,0.000958,11.26722534,sell
1500145790,43826189,0.000958,155.66847971,sell
1500145732,43825984,0.0009581,15.03265644,buy
1500145732,43825983,0.0009581,11.26722534,buy
1500145732,43825982,0.0009581,2.98678914,buy
1500145732,43825981,0.0009581,13.46397976,buy
1500145728,43825969,0.00095819,7.37897779,buy
1500145718,43825928,0.0009723,794.46869279,buy
1500145718,43825927,0.0009639,0.3895758,buy
1500145718,43825926,0.0009629,9.53299144,buy
1500145718,43825925,0.00096249,23.51867091,buy
1500145718,43825924,0.0009624,19.69289831,buy
1500145718,43825923,0.0009624,0.64254046,buy
1500145718,43825922,0.0009585,155.66847971,buy
1500145718,43825921,0.0009585,13.46397976,buy
1500145718,43825920,0.0009585,11.26722534,buy
1500145718,43825919,0.0009585,2.98678914,buy
1500145703,43825902,0.00095702,4.50752335,sell
1500145699,43825886,0.00095702,29.66025433,sell
1500145699,43825880,0.00095702,39.07919457,sell
1500145699,43825876,0.00095702,8.74401519,sell
1500145699,43825870,0.00095702,7.32783356,sell
1500145698,43825864,0.00095701,1.93285336,sell
1500145697,43825860,0.00095701,4.59607527,sell
1500145697,43825857,0.00095701,23.38010052,sell
1500145697,43825848,0.00095701,3.0495815,sell
1500145696,43825845,0.00095701,1.29693524,sell
1500145696,43825840,0.00095701,13.57555302,sell
1500145696,43825838,0.00095701,6.84204971,sell
1500145695,43825827,0.00095701,24.6599722,sell
1500145694,43825824,0.00095909,1147.26184346,buy
1500145692,43825792,0.00095701,9.00439618,sell
1500145690,43825787,0.00095701,43.71256308,sell
1500145689,43825784,0.00095701,1.12997774,sell
1500145689,43825772,0.00095701,1.67611623,sell
1500145688,43825766,0.00095701,1.431333,sell
1500145687,43825759,0.00095701,2.25251564,sell
1500145686,43825751,0.00095701,3.55253341,sell
1500145686,43825748,0.00095701,27.23613128,sell
1500145686,43825743,0.00095701,17.26924483,sell
1500145686,43825735,0.00095701,2.78744213,sell
1500145686,43825731,0.00095701,56.91749302,sell
1500145686,43825729,0.00095701,2.39591017,sell
1500145686,43825726,0.00095701,7.3286486,sell
1500145686,43825722,0.00095701,1.29693524,sell
1500145686,43825721,0.00095701,7.32783356,sell
1500145686,43825717,0.0009571,1.75803805,sell
1500145686,43825714,0.0009571,1.84713848,sell
1500145679,43825664,0.00095701,3.61347321,sell
1500145671,43825609,0.00095702,174.62241773,sell
1500145671,43825607,0.00095702,126.46348405,sell
1500145669,43825599,0.00095701,145.184136,sell
1500145669,43825597,0.00095701,113.11048996,sell
1500145668,43825590,0.00095701,185.69863966,sell
1500145668,43825589,0.0009571,543.74637734,sell
1500145668,43825588,0.0009571,46.571791,sell
1500145667,43825585,0.0009571,193.153917,sell
1500145659,43825564,0.0009571,15.76838277,sell
1500145639,43825529,0.0009571,1.5108306,sell
1500145639,43825527,0.0009571,2.91465083,sell
1500145639,43825521,0.0009571,18.39651623,sell
1500145639,43825520,0.0009571,26.22300707,sell
1500145639,43825517,0.0009571,12.51205316,sell
1500145638,43825512,0.0009571,1.63201011,sell
1500145638,43825510,0.0009571,7.32783356,sell
1500145638,43825506,0.0009571,0.95579983,sell
1500145638,43825504,0.0009571,56.18009216,sell
1500145638,43825497,0.0009571,1.93285669,sell
1500145637,43825490,0.0009571,5.34062088,sell
1500145637,43825482,0.0009571,2.39591017,sell
1500145637,43825476,0.0009571,56.91749454,sell
1500145637,43825473,0.0009571,3.12522335,sell
1500145629,43825457,0.0009571,1.69095881,sell
1500145628,43825447,0.0009571,1.7036739,sell
1500145620,43825410,0.0009689,0.72737529,sell
1500145620,43825409,0.0009689,194.27262471,sell
1500145617,43825403,0.0009571,118.31800798,sell
1500145614,43825397,0.00095999,858.89905199,buy
1500145614,43825396,0.0009599,141.10094801,buy
1500145613,43825394,0.000958,116.34904546,sell
1500145609,43825388,0.000958,116.81173655,sell
1500145603,43825368,0.000958,104.77779751,sell
1500145597,43825364,0.000958,105.39371584,sell
1500145582,43825350,0.000958,147.67978965,sell
1500145566,43825324,0.000958,148.60013139,sell
1500145541,43825243,0.000958,1.29692169,sell
1500145538,43825236,0.000958,23.9598232,sell
1500145535,43825228,0.000958,3.12519069,sell
1500145535,43825223,0.000958,0.52134637,sell
1500145535,43825222,0.000958,2.0288472,sell
1500145534,43825221,0.000958,36.12811518,sell
1500145534,43825219,0.000958,12.8619569,sell
1500145533,43825207,0.000958,3.13180472,sell
1500145533,43825205,0.000958,24.0105029,sell
1500145533,43825201,0.000958,1.29966492,sell
1500145527,43825180,0.00095801,2399.84771724,sell
1500145526,43825178,0.00095801,193.153917,sell
1500145514,43825132,0.00095801,0.81991549,sell
1500145511,43825125,0.00095801,33.1097618,sell
1500145510,43825124,0.00095801,0.11175421,sell
1500145509,43825119,0.00095801,3.94516026,sell
1500145509,43825118,0.00095801,0.81909557,sell
1500145509,43825117,0.00095801,0.31488795,sell
1500145509,43825112,0.00095801,42.91130681,sell
1500145508,43825110,0.00095801,4.10284816,sell
1500145508,43825109,0.00095801,0.53515183,sell
1500145508,43825106,0.00095801,1.07006282,sell
1500145507,43825100,0.00095801,1.20352879,sell
1500145507,43825098,0.00095801,0.13957068,sell
1500145507,43825095,0.00095801,772.60081252,sell
1500145507,43825094,0.00095801,13.0295602,sell
1500145506,43825089,0.00095801,0.22507877,sell
1500145506,43825079,0.00095801,0.5485699,sell
1500145505,43825073,0.000958,0.73006004,sell
1500145505,43825072,0.000958,5.59712697,sell
1500145504,43825063,0.000958,0.28019884,sell
1500145504,43825057,0.000958,0.11934395,sell
1500145504,43825047,0.000958,1497.27400679,sell
1500145502,43825035,0.0009571,0.00082554,sell
1500145502,43825034,0.0009571,0.82471019,sell
1500145502,43825027,0.0009571,1.65471293,sell
1500145502,43825025,0.0009571,0.73041824,sell
1500145501,43825019,0.0009571,42.61747317,sell
1500145501,43825016,0.0009571,0.86311141,sell
1500145501,43825014,0.0009571,1.2009842,sell
1500145501,43825010,0.0009571,0.64588039,sell
1500145501,43825009,0.0009571,0.66814657,sell
1500145500,43825002,0.0009571,6.43121387,sell
1500145500,43824999,0.0009571,0.83885398,sell
1500145460,43824909,0.00095701,43.58630526,sell
1500145458,43824896,0.00095701,39.50051883,sell
1500145457,43824890,0.00095701,1.84332746,sell
1500145457,43824888,0.00095701,0.24043402,sell
1500145457,43824887,0.00095701,14.1321772,sell
1500145457,43824886,0.00095701,108.34669187,sell
1500145457,43824878,0.00095701,0.53205294,sell
1500145457,43824874,0.00095701,4.07907252,sell
1500145457,43824872,0.00095701,31.27288934,sell
1500145457,43824871,0.00095701,108.19952769,sell
1500145454,43824864,0.00095701,4.02804868,sell
1500145453,43824840,0.00095701,112.62520767,sell
1500145447,43824819,0.00095702,998.99381106,sell
1500145445,43824802,0.00095702,119.43807455,sell
1500145445,43824793,0.00095702,137.32957522,sell
1500145433,43824771,0.00095702,120.01119846,sell
1500145418,43824728,0.0009571,105.448162,sell
1500145413,43824717,0.00095702,22.51056404,sell
1500145413,43824711,0.00095702,6.14234812,sell
1500145412,43824708,0.00095702,115.88241502,sell
1500145411,43824705,0.00095702,18.00691396,sell
1500145411,43824704,0.0009571,86.65831633,sell
1500145410,43824700,0.0009571,118.08069306,sell
1500145410,43824694,0.0009571,184.28724582,sell
1500145408,43824688,0.0009571,125.0681749,sell
1500145405,43824684,0.0009571,113.76366603,sell
1500145402,43824679,0.0009571,119.94322359,sell
1500145401,43824675,0.0009571,252.19868027,sell
1500145397,43824671,0.0009551,6.53907853,sell
1500145397,43824664,0.0009551,72.04731324,sell
1500145372,43824618,0.00095501,892.05631825,sell
1500145371,43824605,0.0009699,3.61484049,sell
1500145371,43824603,0.0009699,880.30969197,sell
1500145371,43824602,0.0009699,9.4593731,buy
1500145371,43824601,0.0009699,106.61609444,buy
1500145355,43824589,0.0009541,19.60610046,sell
1500145331,43824572,0.000968,1000.0,buy
1500145279,43824487,0.0009521,62.53057406,sell
1500145220,43824401,0.0009501,74.7978,sell
1500145195,43824350,0.000989,9.4593731,sell
1500145195,43824347,0.0009889,1000.0,buy
1500145181,43824265,0.000969,1000.0,buy
1500145174,43824196,0.00097,1000.0,buy
1500145168,43824148,0.000971,1000.0,buy
1500145167,43824144,0.000972,333.66401941,buy
1500145167,43824143,0.00097199,649.17981,buy
1500145167,43824142,0.00097199,17.15617059,buy
1500145158,43824111,0.000974,1000.0,buy
1500145151,43824077,0.000975,1000.0,buy
1500145125,43823996,0.00095,5.50745347,sell
1500145115,43823976,0.0009481,195.51553797,sell
1500145108,43823948,0.0009471,101.94566246,sell
1500145108,43823943,0.0009471,1.16017951,sell
1500145084,43823899,0.00098999,739.47015714,buy
1500145084,43823898,0.0009878,1123.78,buy
1500145084,43823897,0.00098,34.71252,buy
1500145084,43823896,0.00098,50.0,buy
1500145084,43823895,0.000978,10000.0,buy
1500145084,43823894,0.000977,8695.1248,buy
1500145084,43823893,0.00097699,1186.061,buy
1500145084,43823892,0.0009769,10000.0,buy
1500145084,43823891,0.00097,33.059543,buy
1500145084,43823890,0.00096724,0.8,buy
1500145084,43823889,0.00096704,8.19542692,buy
1500145084,43823888,0.00096,31.485279,buy
1500145084,43823887,0.0009599,1000.0,buy
1500145084,43823886,0.0009555,3.61,buy
1500145084,43823885,0.0009555,46.39,buy
1500145084,43823884,0.0009553,47.31127394,buy
1500145003,43823765,0.0009391,10.57898661,sell
1500144992,43823745,0.00094299,5.60433627,buy
1500144991,43823743,0.00094309,3.52476806,sell
1500144991,43823742,0.00094309,0.23995588,sell
1500144990,43823741,0.00094309,1.83961233,sell
1500144989,43823739,0.00094309,14.10375467,buy
1500144989,43823738,0.00094309,0.23995588,buy
1500144989,43823737,0.00094309,1.83961233,buy
1500144986,43823729,0.00094319,16.05221134,sell
1500144986,43823728,0.00094309,1.83961233,buy
1500144986,43823727,0.00094309,14.10375467,buy
1500144986,43823726,0.00094309,0.23995588,buy
1500144982,43823719,0.00094319,1.31938627,sell
1500144982,43823716,0.00094309,16.05221134,buy
1500144982,43823715,0.00094309,1.83961233,buy
1500144982,43823714,0.00094309,14.10375467,buy
1500144982,43823713,0.00094309,0.23995588,buy
1500144974,43823689,0.00094309,5.72760088,sell
1500144974,43823683,0.00094301,0.24843236,sell
1500144967,43823665,0.00094199,2.50317824,sell
1500144965,43823663,0.00094209,2.86370798,sell
1500144965,43823659,0.00094209,2.10871427,sell
1500144965,43823658,0.00094209,1.1528302,sell
1500144964,43823654,0.00094199,2.10871427,buy
1500144964,43823653,0.00094199,0.24843236,buy
1500144964,43823652,0.00094199,2.50317824,buy
1500144962,43823641,0.00094199,0.50927032,sell
1500144959,43823640,0.00094189,2.10871427,buy
1500144959,43823639,0.00094189,2.86370798,buy
1500144959,43823638,0.00094189,0.24843236,buy
1500144959,43823637,0.00094189,2.50317824,buy
1500144953,43823627,0.00094089,4.11045902,buy
1500144953,43823626,0.00094078,36.80128342,buy
1500144953,43823625,0.00094078,32.57090148,sell
1500144951,43823617,0.00094079,115.97858356,buy
1500144947,43823587,0.00094078,4.71494929,sell
1500144939,43823575,0.00094079,5.31468234,buy
1500144900,43823546,0.00094078,57.65899163,sell
1500144900,43823545,0.00094078,105.0551576,sell
1500144884,43823514,0.00094079,12.87510495,buy
1500144884,43823513,0.00094079,281.1375583,buy
1500144884,43823512,0.00094079,160.50884998,buy
1500144884,43823511,0.00094079,17.66764499,buy
1500144884,43823510,0.00094079,19.19108609,buy
1500144884,43823509,0.00094079,62.73884757,buy
1500144846,43823468,0.00094079,61.20680058,buy
1500144846,43823467,0.00094079,16.8101069,buy
1500144846,43823466,0.00094079,14.60219522,buy
1500144846,43823465,0.00094079,9.68509765,buy
1500144846,43823464,0.00094079,4.74301498,buy
1500144846,43823463,0.00094079,0.61764799,buy
1500144846,43823462,0.00094079,0.32649737,buy
1500144613,43822979,0.00094309,0.3735262,sell
1500144613,43822978,0.00094309,4.73528011,sell
1500144612,43822977,0.00094309,147.83250803,sell
1500144612,43822974,0.00094309,0.28599223,sell
1500144612,43822972,0.00094309,1.90463048,sell
1500144612,43822971,0.00094309,0.14410194,sell
1500144612,43822968,0.00094299,9.68509765,buy
1500144612,43822967,0.00094299,4.11045902,buy
1500144612,43822966,0.00094299,17.66764499,buy
1500144612,43822965,0.00094289,281.1375583,buy
1500144612,43822964,0.00094289,0.24843236,buy
1500144612,43822963,0.00094289,57.65899163,buy
1500144612,43822962,0.00094289,160.50884998,buy
1500144612,43822961,0.00094289,16.8101069,buy
1500144602,43822921,0.00094309,0.00626445,sell
1500144602,43822920,0.00094309,582.56622633,sell
1500144602,43822919,0.00094309,136.04151856,sell
1500144600,43822910,0.00094309,281.1375583,buy
1500144600,43822909,0.00094309,0.24843236,buy
1500144596,43822892,0.00094329,2.86370798,buy
1500144596,43822891,0.00094319,2.19262126,buy
1500144565,43822618,0.00094549,0.5361482,sell
1500144565,43822617,0.00094549,21.95512271,sell
1500144565,43822614,0.00094549,18.41102419,sell
1500144564,43822600,0.00094549,281.0781017,buy
1500144564,43822599,0.00094549,31.51353933,buy
1500144564,43822598,0.00094549,16.16683056,buy
1500144553,43822473,0.00094569,150.49658979,buy
1500144434,43822177,0.0009549,49.9,buy
1500144434,43822176,0.0009539,1000.0,buy
1500144434,43822175,0.00095169,0.1,buy
1500144244,43821676,0.000938,23.17851656,buy
1500144190,43821516,0.00093099,607.58436135,buy
1500144146,43821393,0.00093099,10563.1254,buy
1500144102,43821135,0.0009301,5.5598387,sell
1500144102,43821134,0.0009301,5.5598387,sell
1500144102,43821133,0.0009301,5.5598387,sell
1500144102,43821132,0.0009301,2.66130107,sell
1500144102,43821131,0.0009301,5.5598387,sell
1500144102,43821130,0.0009301,5.5598387,sell
1500144102,43821129,0.0009301,5.5598387,sell
1500144102,43821128,0.0009301,5.5598387,sell
1500144101,43821127,0.0009301,5.5598387,sell
1500144101,43821126,0.0009301,5.5598387,sell
1500144101,43821125,0.0009301,5.5598387,sell
1500144101,43821124,0.0009301,5.5598387,sell
1500144101,43821123,0.0009301,5.5598387,sell
1500144101,43821122,0.0009301,5.5598387,sell
1500144101,43821121,0.0009301,5.5598387,sell
1500144101,43821120,0.0009301,5.5598387,sell
1500144101,43821119,0.0009301,5.5598387,sell
1500144101,43821115,0.0009301,5.5598387,sell
1500144101,43821114,0.0009301,5.5598387,sell
1500144101,43821113,0.0009301,5.5598387,sell
1500144101,43821112,0.0009301,5.5598387,sell
1500144101,43821111,0.0009301,5.5598387,sell
1500144101,43821109,0.0009301,5.5598387,sell
1500144101,43821108,0.0009301,5.5598387,sell
1500144101,43821107,0.0009301,5.5598387,sell
1500144100,43821106,0.0009301,5.5598387,sell
1500144100,43821105,0.0009301,5.5598387,sell
1500144100,43821104,0.0009301,5.5598387,sell
1500144100,43821103,0.0009301,5.5598387,sell
1500144100,43821102,0.0009301,5.5598387,sell
1500144100,43821101,0.0009301,5.5598387,sell
1500144100,43821100,0.0009301,5.5598387,sell
1500144100,43821099,0.0009301,5.5598387,sell
1500144100,43821098,0.0009301,3.93210624,sell
1500144100,43821097,0.0009301,1.62773246,sell
1500144100,43821096,0.0009301,5.5598387,sell
1500144100,43821095,0.0009301,5.5598387,sell
1500144100,43821094,0.0009301,5.5598387,sell
1500144100,43821092,0.0009301,5.5598387,sell
1500144100,43821091,0.0009301,5.5598387,sell
1500144100,43821090,0.0009301,5.5598387,sell
1500144100,43821089,0.0009301,5.5598387,sell
1500144100,43821088,0.0009301,5.5598387,sell
1500144100,43821087,0.0009301,5.5598387,sell
1500144100,43821086,0.0009301,5.5598387,sell
1500144100,43821085,0.0009301,5.5598387,sell
1500144099,43821084,0.0009301,5.5598387,sell
1500144099,43821083,0.0009301,5.5598387,sell
1500144099,43821082,0.0009301,5.5598387,sell
1500144099,43821081,0.0009301,5.5598387,sell
1500144099,43821080,0.0009301,5.5598387,sell
1500144099,43821079,0.0009301,5.5598387,sell
1500144099,43821078,0.0009301,5.5598387,sell
1500144099,43821077,0.0009301,5.5598387,sell
1500144099,43821076,0.0009301,5.5598387,sell
1500144099,43821075,0.0009301,5.5598387,sell
1500144099,43821074,0.0009301,5.5598387,sell
1500144099,43821073,0.0009301,3.67404582,sell
1500144099,43821072,0.00093011,1.88579288,sell
1500144070,43821013,0.000928,5.57182112,sell
1500144069,43821011,0.000928,5.57182112,sell
1500144066,43821006,0.000928,5.57182112,sell
1500144066,43821005,0.000928,5.58759698,sell
1500144066,43821004,0.000928,5.57182112,sell
1500144065,43821002,0.000928,5.58759698,sell
1500144065,43821001,0.000928,5.58759698,sell
1500144065,43821000,0.0009279,5.58759698,buy
1500144065,43820999,0.0009279,5.58759698,buy
1500144063,43820994,0.00092631,5.49377155,sell
1500144063,43820993,0.00092631,5.58759698,sell
1500144058,43820985,0.00092631,5.57182112,sell
1500144058,43820983,0.00092631,5.57182112,sell
1500144057,43820982,0.00092631,5.57182112,sell
1500144057,43820981,0.00092631,5.57182112,sell
1500144057,43820980,0.00092631,5.57182112,sell
1500144057,43820979,0.00092631,5.57182112,sell
1500144057,43820978,0.00092631,5.57182112,sell
1500144057,43820977,0.00092631,5.57182112,sell
1500144057,43820976,0.00092631,5.57182112,sell
1500144057,43820975,0.00092631,5.57182112,sell
1500144057,43820974,0.00092631,5.57182112,sell
1500144057,43820973,0.00092631,5.57182112,sell
1500144057,43820967,0.00092631,5.57182112,sell
1500144057,43820966,0.00092631,5.57182112,sell
1500144056,43820963,0.00092631,5.57182112,sell
1500144056,43820962,0.00092631,5.57182112,sell
1500144056,43820961,0.00092631,5.57182112,sell
1500144056,43820960,0.00092631,5.57182112,sell
1500144056,43820958,0.00092631,5.57182112,sell
1500144056,43820957,0.00092631,5.57182112,sell
1500144056,43820956,0.00092631,5.57182112,sell
1500144056,43820955,0.00092631,5.57182112,sell
1500144056,43820954,0.00092631,5.57182112,sell
1500144056,43820953,0.00092631,5.57182112,sell
1500144056,43820951,0.00092631,5.57182112,sell
1500144056,43820950,0.00092631,5.57182112,sell
1500144055,43820947,0.00092631,5.57182112,sell
1500144055,43820946,0.00092631,5.57182112,sell
1500144055,43820945,0.00092631,5.57182112,sell
1500144055,43820944,0.00092631,5.57182112,sell
1500144055,43820943,0.00092631,5.57182112,sell
1500144055,43820942,0.00092631,5.57182112,sell
1500144055,43820941,0.00092631,5.57182112,sell
1500144055,43820939,0.00092631,5.57182112,sell
1500144055,43820938,0.00092631,5.57182112,sell
1500144055,43820937,0.00092631,5.57182112,sell
1500144055,43820936,0.00092631,5.57182112,sell
1500144055,43820935,0.00092631,5.57182112,sell
1500144055,43820934,0.00092631,5.57182112,sell
1500144055,43820933,0.00092631,5.57182112,sell
1500144055,43820932,0.00092631,5.57182112,sell
1500144055,43820931,0.00092631,5.57182112,sell
1500144055,43820930,0.00092631,5.57182112,sell
1500144055,43820929,0.00092631,5.57182112,sell
1500144055,43820928,0.00092631,4.19143921,sell
1500144055,43820927,0.0009264,1.38038191,sell
1500144055,43820926,0.0009264,5.57182112,sell
1500144055,43820925,0.0009264,5.57182112,sell
1500144055,43820924,0.0009264,5.57182112,sell
1500144054,43820923,0.0009264,5.57182112,sell
1500144054,43820922,0.0009264,5.57182112,sell
1500144054,43820921,0.0009264,5.57182112,sell
1500144054,43820920,0.0009264,5.57182112,sell
1500144054,43820919,0.0009264,5.57182112,sell
1500144054,43820918,0.0009264,5.57182112,sell
1500144054,43820917,0.0009264,5.57182112,sell
1500144054,43820916,0.0009264,5.57182112,sell
1500144054,43820915,0.0009264,5.57182112,sell
1500144054,43820914,0.0009264,5.57182112,sell
1500144054,43820913,0.0009264,5.57182112,sell
1500144054,43820912,0.0009264,5.57182112,sell
1500144054,43820911,0.0009264,5.57182112,sell
1500144054,43820910,0.0009264,5.57182112,sell
1500144054,43820909,0.0009264,5.57182112,sell
1500144054,43820908,0.0009264,5.57182112,sell
1500144054,43820907,0.0009264,5.57182112,sell
1500144054,43820906,0.0009264,5.57182112,sell
1500144054,43820905,0.0009264,5.58759698,sell
1500144054,43820904,0.0009264,5.57182112,sell
1500144054,43820903,0.0009264,5.57182112,sell
1500144054,43820902,0.0009264,5.57182112,sell
1500144054,43820901,0.0009264,5.57182112,sell
1500144054,43820900,0.0009264,5.57182112,sell
1500144054,43820897,0.0009264,5.57182112,sell
1500144054,43820896,0.0009264,5.57182112,sell
1500144054,43820895,0.0009264,5.58759698,sell
1500144053,43820894,0.0009264,2.01675101,sell
1500144053,43820893,0.0009264,5.58759698,sell
1500144053,43820892,0.0009264,5.58759698,sell
1500144053,43820891,0.0009264,5.58759698,sell
1500144053,43820890,0.0009264,5.58759698,sell
1500144053,43820889,0.0009264,5.58759698,sell
1500144053,43820888,0.0009264,5.57182112,sell
1500144053,43820886,0.0009264,5.58759698,sell
1500144053,43820885,0.0009264,5.58759698,sell
1500144053,43820884,0.0009264,5.58759698,sell
1500144053,43820883,0.0009264,5.58759698,sell
1500144053,43820882,0.0009264,5.58759698,sell
1500144053,43820881,0.0009264,5.58759698,sell
1500144053,43820880,0.0009264,5.58759698,sell
1500144052,43820877,0.0009264,5.58759698,sell
1500144052,43820875,0.0009264,5.58759698,sell
1500144052,43820873,0.0009264,5.58759698,sell
1500144052,43820872,0.0009264,5.58759698,sell
1500144047,43820860,0.0009279,4.64392669,buy
1500144047,43820859,0.0009279,5.57182112,buy
1500144047,43820858,0.0009279,5.57182112,buy
1500144047,43820857,0.0009279,5.57182112,buy
1500144047,43820856,0.0009279,5.58759698,buy
1500144047,43820855,0.0009279,5.57182112,buy
1500144047,43820854,0.0009279,5.58759698,buy
1500144047,43820853,0.0009279,5.58759698,buy
1500144047,43820852,0.0009279,5.57182112,buy
1500144047,43820851,0.0009279,5.58759698,buy
1500144047,43820850,0.0009279,5.58759698,buy
1500144047,43820849,0.0009279,2.01675101,buy
1500144047,43820848,0.0009279,5.58759698,buy
1500144047,43820847,0.0009279,5.58759698,buy
1500144047,43820846,0.0009279,5.58759698,buy
1500144047,43820845,0.0009279,5.58759698,buy
1500144047,43820844,0.0009279,5.58759698,buy
1500144047,43820843,0.0009279,5.58759698,buy
1500144047,43820842,0.0009279,5.58759698,buy
1500144047,43820841,0.0009279,5.58759698,buy
1500144047,43820840,0.0009279,4.27787836,buy
1500144045,43820831,0.0009279,1.30971862,buy
1500144045,43820830,0.0009279,5.58759698,buy
1500144045,43820829,0.0009279,5.58759698,buy
1500144045,43820828,0.0009279,5.58759698,buy
1500144045,43820827,0.0009279,5.58759698,buy
1500144042,43820824,0.000928,5.57182112,buy
1500144042,43820823,0.000928,5.57182112,buy
1500144042,43820822,0.000928,5.57182112,buy
1500143989,43820502,0.00092801,1.06566283,sell
1500143974,43820458,0.00092703,0.11512033,sell
1500143895,43820234,0.000928,1.8196834,sell
1500143895,43820225,0.000928,5.56136853,sell
1500143895,43820224,0.000928,5.56136853,sell
1500143895,43820219,0.000928,5.56136853,sell
1500143895,43820215,0.000928,5.56136853,sell
1500143895,43820214,0.000928,5.56136853,sell
1500143895,43820213,0.000928,5.56136853,sell
1500143895,43820209,0.000928,5.56136853,sell
1500143894,43820208,0.000928,5.56136853,sell
1500143894,43820207,0.000928,5.56136853,sell
1500143894,43820202,0.000928,5.56136853,sell
1500143894,43820201,0.000928,5.56136853,sell
1500143894,43820200,0.000928,5.56136853,sell
1500143894,43820197,0.000928,5.56136853,sell
1500143894,43820196,0.000928,5.56136853,sell
1500143894,43820194,0.000928,5.56136853,sell
1500143894,43820192,0.000928,5.56136853,sell
1500143894,43820191,0.000928,5.56136853,sell
1500143894,43820190,0.000928,5.56136853,sell
1500143894,43820185,0.000928,5.56136853,sell
1500143893,43820180,0.000928,533.66836665,sell
1500143893,43820174,0.000928,533.67472613,sell
1500143865,43820150,0.0009263,208.41967019,sell
1500143864,43820145,0.0009263,208.4320976,sell
1500143853,43820129,0.0009263,208.04753654,sell
1500143853,43820128,0.0009263,208.05991957,sell
1500143750,43819826,0.00093099,15.0,buy
1500143733,43819747,0.00093099,2480.0,buy
1500143657,43819486,0.000927,84.31371214,sell
1500143513,43818443,0.00092704,2.63328174,sell
1500143513,43818442,0.00092841,1.43822192,sell
1500143513,43818441,0.00092849,1.43818412,sell
1500143511,43818433,0.0009285,5.50968778,sell
1500143511,43818422,0.0009285,5.50968778,sell
1500143511,43818421,0.0009285,5.50968778,sell
1500143511,43818418,0.0009285,1.14283556,sell
1500143510,43818410,0.0009285,5.50968778,sell
1500143510,43818409,0.0009285,5.50968778,sell
1500143510,43818408,0.0009285,5.50968778,sell
1500143510,43818403,0.0009285,5.50968778,sell
1500143510,43818398,0.0009285,5.50968778,sell
1500143510,43818395,0.0009285,5.50968778,sell
1500143510,43818394,0.0009285,5.50968778,sell
1500143510,43818393,0.0009285,5.50968778,sell
1500143510,43818390,0.0009285,5.50968778,sell
1500143510,43818389,0.0009285,5.50968778,sell
1500143510,43818385,0.0009285,5.50968778,sell
1500143510,43818383,0.0009285,5.50968778,sell
1500143510,43818381,0.0009285,5.50968778,sell
1500143510,43818380,0.0009285,5.50968778,sell
1500143510,43818379,0.0009285,5.50968778,sell
1500143510,43818378,0.0009285,5.50968778,sell
1500143510,43818373,0.0009285,5.50968778,sell
1500143510,43818369,0.0009285,5.50968778,sell
1500143510,43818358,0.0009285,5.50968778,sell
1500143510,43818353,0.0009285,5.50968778,sell
1500143510,43818352,0.0009285,5.50968778,sell
1500143510,43818347,0.0009285,5.50968778,sell
1500143510,43818346,0.0009285,5.50968778,sell
1500143510,43818345,0.0009285,5.50968778,sell
1500143509,43818343,0.0009285,5.50968778,sell
1500143509,43818342,0.0009285,5.50968778,sell
1500143509,43818341,0.0009285,5.50968778,sell
1500143509,43818333,0.0009285,5.50968778,sell
1500143509,43818327,0.0009285,5.50968778,sell
1500143509,43818324,0.0009285,5.50742678,sell
1500143509,43818323,0.0009285,5.50968778,sell
1500143509,43818320,0.0009285,5.50968778,sell
1500143509,43818317,0.0009285,5.50968778,sell
1500143468,43818106,0.00092913,1.43761214,sell
1500143437,43817943,0.00092779,0.79113808,sell
1500143432,43817867,0.00092788,0.79129881,sell
1500143283,43817676,0.00093099,430.8330597,buy
1500143193,43817353,0.00093099,15.0,buy
1500143166,43817187,0.00093099,2090.01751599,buy
1500143124,43816988,0.00093099,60.38104437,buy
1500143059,43816739,0.0009259,209.10538427,sell
1500143051,43816684,0.0009259,108.23,sell
1500142998,43816443,0.00093099,8.05861859,buy
1500142991,43816381,0.0009259,2.61127551,sell
1500142991,43816375,0.0009259,5.55278107,sell
1500142991,43816374,0.0009259,5.55278107,sell
1500142991,43816373,0.0009259,5.55278107,sell
1500142991,43816372,0.0009259,5.55278107,sell
1500142991,43816371,0.0009259,5.55278107,sell
1500142991,43816369,0.0009259,5.55278107,sell
1500142991,43816366,0.0009259,5.55278107,sell
1500142991,43816364,0.0009259,5.55278107,sell
1500142991,43816361,0.0009259,5.55278107,sell
1500142991,43816360,0.0009259,5.55278107,sell
1500142990,43816359,0.0009259,5.55278107,sell
1500142990,43816356,0.0009259,5.55278107,sell
1500142990,43816355,0.0009259,5.55278107,sell
1500142990,43816353,0.0009259,5.55278107,sell
1500142990,43816350,0.0009259,5.55278107,sell
1500142990,43816348,0.0009259,5.55278107,sell
1500142990,43816346,0.0009259,3.04694355,sell
1500142990,43816345,0.000926,2.50583752,sell
1500142990,43816344,0.000926,5.55278107,sell
1500142990,43816340,0.000926,5.55278107,sell
1500142990,43816336,0.0009259,5.55278107,sell
1500142990,43816334,0.0009259,5.55278107,sell
1500142990,43816333,0.0009259,5.55278107,sell
1500142990,43816331,0.0009259,5.55278107,sell
1500142990,43816330,0.0009259,5.55278107,sell
1500142990,43816321,0.0009259,5.55278107,sell
1500142988,43816292,0.000926,13.61139966,buy
1500142987,43816290,0.000926,94.60860034,buy
1500142985,43816281,0.0009259,5.55278107,sell
1500142985,43816280,0.0009259,5.55278107,sell
1500142984,43816279,0.0009259,5.55278107,sell
1500142984,43816276,0.0009259,5.55278107,sell
1500142984,43816274,0.0009259,1.73725024,sell
1500142984,43816269,0.0009259,5.55278107,sell
1500142984,43816264,0.0009259,5.55278107,sell
1500142984,43816263,0.0009259,5.55278107,sell
1500142984,43816261,0.0009259,5.55278107,sell
1500142984,43816259,0.0009259,5.55278107,sell
1500142984,43816257,0.0009259,5.55278107,sell
1500142984,43816256,0.0009259,5.55278107,sell
1500142984,43816254,0.0009259,5.55278107,sell
1500142984,43816253,0.0009259,5.55278107,sell
1500142984,43816252,0.0009259,5.5527832,sell
1500142984,43816251,0.0009259,5.55278107,sell
1500142983,43816248,0.0009259,5.55278107,sell
1500142983,43816247,0.0009259,5.55278107,sell
1500142983,43816246,0.0009259,5.55278107,sell
1500142983,43816244,0.0009259,5.55278107,sell
1500142983,43816243,0.0009259,5.55278107,sell
1500142983,43816242,0.0009259,5.55278107,sell
1500142983,43816241,0.0009259,5.55278107,sell
1500142983,43816240,0.0009259,5.55278107,sell
1500142983,43816239,0.0009259,5.55278107,sell
1500142983,43816238,0.0009259,5.55278107,sell
1500142983,43816237,0.0009259,5.55278107,sell
1500142983,43816236,0.0009259,5.55278107,sell
1500142983,43816235,0.0009259,5.55278107,sell
1500142982,43816234,0.0009259,5.55278107,sell
1500142982,43816233,0.0009259,5.55278107,sell
1500142982,43816232,0.0009259,5.55278107,sell
1500142982,43816230,0.0009259,5.55278107,sell
1500142977,43816172,0.00092197,40.06382969,sell
1500142974,43816145,0.00092206,40.06382969,sell
1500142973,43816139,0.00092196,40.06382969,buy
1500142963,43815972,0.00092165,0.11527318,sell
1500142890,43815656,0.0009151,0.2,sell
1500142806,43815387,0.00091711,26.79070223,sell
1500142806,43815386,0.00091721,26.79070223,sell
1500142805,43815380,0.00091721,26.79070223,sell
1500142672,43815018,0.00092,0.24,sell
1500142672,43815017,0.00092,32.47721659,sell
1500142672,43815016,0.00092001,0.93233329,sell
1500142653,43814999,0.00092001,0.4,sell
1500142600,43814857,0.00092,3.73946739,sell
1500142596,43814846,0.00092,3.73946739,sell
1500142557,43814785,0.00092,28.04384863,sell
1500142557,43814784,0.00092,3.61579267,sell
1500142557,43814783,0.00092057,30.0,sell
1500142101,43813665,0.00092,46.38420733,sell
1500142101,43813664,0.00092001,1.20533454,sell
1500142101,43813663,0.00092002,1.20533454,sell
1500142101,43813662,0.00092036,1.20512359,sell
1500142095,43813595,0.000921,108.329995,sell
1500141777,43812608,0.000926,4.49562635,sell
1500141777,43812606,0.000926,0.1,sell
1500141668,43812296,0.000926,108.22,buy
1500141668,43812295,0.00092441,0.3458176,buy
1500141668,43812294,0.00092441,0.17131394,buy
1500141668,43812293,0.00092391,0.73152977,buy
1500141668,43812292,0.00092381,1.31340689,buy
1500141668,43812291,0.00092381,42.99769465,buy
1500141668,43812290,0.00092381,2.8012099,buy
1500141668,43812289,0.00092381,10.0694528,buy
1500141668,43812288,0.00092381,21.47594263,buy
1500141668,43812287,0.00092381,5.60839496,buy
1500141668,43812286,0.00092381,0.36537521,buy
1500141668,43812285,0.00092381,77.1991381,buy
1500141668,43812284,0.00092381,2.65126826,buy
1500141668,43812283,0.00092251,216.72108401,buy
1500141668,43812282,0.00092251,226.90110677,buy
1500141419,43811307,0.0009216,0.68492983,buy
1500141419,43811306,0.00092151,164.64889346,buy
1500141419,43811305,0.00092151,135.0,buy
1500141247,43810784,0.00092011,0.68492983,sell
1500141228,43810664,0.00092511,57.12195201,buy
1500141222,43810622,0.0009252,135.0,sell
1500141221,43810617,0.00092601,21.47897901,sell
1500141221,43810616,0.00092601,0.60648338,sell
1500141221,43810614,0.00092601,157.99924406,sell
1500141221,43810613,0.00092601,4.64970592,sell
1500141221,43810609,0.00092601,35.64774541,sell
1500141221,43810604,0.00092601,5.34001216,sell
1500141221,43810603,0.00092601,0.36542686,sell
1500141221,43810602,0.00092601,2.80160596,sell
1500141221,43810600,0.00092601,0.34978581,sell
1500141221,43810599,0.00092601,0.69652332,sell
1500141221,43810597,0.00092601,164.6721724,sell
1500141221,43810596,0.00092601,2.68169122,sell
1500141221,43810593,0.00092601,0.3492831,sell
1500141221,43810589,0.00092601,20.55963269,sell
1500141221,43810588,0.00092601,2.67783713,sell
1500141221,43810585,0.00092601,40.94009319,sell
1500141220,43810584,0.00092601,2.63176103,sell
1500141220,43810583,0.00092601,0.34327317,sell
1500141220,43810580,0.00092601,154.68906483,sell
1500141220,43810579,0.00092601,20.17683455,sell
1500141220,43810577,0.00092601,3.41435057,sell
1500141220,43810573,0.00092601,0.38662348,sell
1500141220,43810571,0.00092601,0.65239688,sell
1500141220,43810570,0.00092601,5.00170938,sell
1500141220,43810568,0.00092601,2.96411331,sell
1500141220,43810566,0.00092601,0.38117093,sell
1500141220,43810565,0.00092601,22.40438049,sell
1500141220,43810564,0.00092601,0.46523377,sell
1500141220,43810562,0.00092601,2.9223105,sell
1500141219,43810557,0.00092601,196.99693578,sell
1500141219,43810556,0.00092601,0.44535007,sell
1500141219,43810555,0.00092601,0.69860057,sell
1500141219,43810553,0.00092601,26.17668763,sell
1500141219,43810549,0.00092601,3.35155467,sell
1500141219,43810546,0.00092601,25.6952525,sell
1500141219,43810542,0.00092601,0.4371593,sell
1500141219,43810540,0.00092601,5.64717571,sell
1500141219,43810538,0.00092601,0.73658814,sell
1500141219,43810537,0.00092601,29.53512886,sell
1500141219,43810536,0.00092601,0.50248802,sell
1500141219,43810534,0.00092601,122.46088406,sell
1500141219,43810533,0.00092611,103.97510387,sell
1500141219,43810529,0.00092611,3.85240811,sell
1500141219,43810527,0.00092611,0.50248802,sell
1500141160,43810321,0.000935,5553.26142563,buy
1500141160,43810320,0.0009349,57.90107437,buy
1500141130,43810198,0.00093001,107.75,sell
1500141095,43810096,0.00093001,168.64298695,sell
1500141061,43810004,0.00093,4.1177719,sell
1500141061,43810001,0.00093,19.6762758,sell
1500141024,43809841,0.00092711,108.26666583,sell
1500140840,43809169,0.0009299,22.0881804,sell
1500140840,43809167,0.0009297,4.1177719,buy
1500140840,43809166,0.0009297,19.6762758,buy
1500140840,43809165,0.0009289,4.1177719,buy
1500140748,43808769,0.00092501,108.33,buy
1500140735,43808739,0.000925,0.00000539,buy
1500140626,43808394,0.000925,108.26110411,buy
1500140418,43807604,0.000925,0.0688905,sell
1500140404,43807539,0.000925,499.9311095,sell
1500140248,43806977,0.000925,1371.44848,sell
1500140248,43806976,0.00092501,2742.6227,sell
1500140229,43806902,0.0009343,26.91146049,buy
1500140229,43806901,0.0009343,118.08853951,buy
1500140196,43806670,0.00092501,31.90046379,sell
1500140196,43806668,0.00092501,98.8585745,sell
1500140164,43806557,0.00092501,68.9072,sell
1500140135,43806414,0.0009261,2.9635217,sell
1500140134,43806406,0.0009261,19.22313174,sell
1500140134,43806405,0.0009261,0.30037464,sell
1500140134,43806404,0.0009261,0.89086582,sell
1500140133,43806402,0.0009261,2.30287224,sell
1500140133,43806400,0.0009261,0.11619989,sell
1500140133,43806398,0.0009261,6.82997126,sell
1500140128,43806374,0.0009251,17.54693066,sell
1500140116,43806262,0.000945,0.0058577,sell
1500140116,43806257,0.000945,499.9941423,sell
1500140088,43806147,0.0009468,400.0,buy
1500140077,43806112,0.00092501,203.38914594,sell
1500140040,43805922,0.0009516,100.0,buy
1500139767,43804520,0.0009549,1384.80739344,buy
1500139767,43804519,0.00095,29.98598,buy
1500139767,43804518,0.0009499,1000.0,buy
1500139767,43804517,0.00094,28.558076,buy
1500139767,43804516,0.0009399,10.19942191,buy
1500139767,43804515,0.00093,27.198168,buy
1500139767,43804514,0.0009199,19.72893141,buy
1500139669,43804103,0.0009199,89.20106859,buy
1500139669,43804102,0.0009199,44.488789,buy
1500139651,43804031,0.0009199,64.441211,buy
1500139651,43804030,0.000917,49.30886151,buy
1500139544,43803236,0.000917,0.73510382,buy
1500139544,43803235,0.000917,5.63575956,buy
1500139543,43803233,0.000917,7.84192349,buy
1500139538,43803176,0.000915,916.28743169,buy
1500139533,43803124,0.00091599,35.17812421,buy
1500139483,43802686,0.000917,45.75835162,sell
1500139475,43802564,0.00091699,881.20468,buy
1500139407,43801794,0.000919,3572.11989118,buy
1500139407,43801793,0.00091899,1312.334,buy
1500139407,43801792,0.0009178,1000.0,buy
1500139319,43800893,0.0009169,9.24748337,buy
1500139318,43800886,0.0009169,31.83093286,buy
1500139317,43800868,0.0009169,31.82781442,buy
1500139316,43800854,0.0009169,11.27547432,buy
1500138878,43798812,0.000919,541.25621874,buy
1500138878,43798811,0.00091859,0.1,buy
1500138753,43798346,0.000911,2.07593671,sell
1500138752,43798332,0.0009102,0.27077244,sell
1500138751,43798318,0.0009102,5.83483133,sell
1500138751,43798315,0.0009102,3.22267882,sell
1500138751,43798311,0.0009102,33.02592022,sell
1500138751,43798307,0.00091011,0.76107021,sell
1500138648,43797791,0.000901,2.3500254,sell
1500138648,43797790,0.000901,2.31826914,sell
1500138648,43797789,0.000901,16.11811173,sell
1500138648,43797788,0.000901,34.37791029,sell
1500138648,43797787,0.000901,0.30652217,sell
1500138640,43797711,0.00091982,1.10202647,buy
1500138635,43797675,0.00090522,34.31123832,buy
1500138635,43797674,0.00090522,2.3500254,buy
1500138635,43797673,0.00090522,3.42029561,buy
1500138635,43797672,0.00090522,0.07385224,buy
1500138634,43797664,0.00090522,0.23266993,buy
1500138634,43797663,0.00090522,16.11811173,buy
1500138633,43797656,0.0009053,0.79657199,sell
1500138633,43797655,0.0009053,1.10202647,sell
1500138631,43797642,0.0009053,0.35116535,sell
1500138631,43797640,0.0009053,2.69220148,sell
1500138631,43797635,0.0009053,20.64026289,sell
1500138614,43797552,0.0009052,25.58222818,sell
1500138585,43797384,0.0009199,251.82061722,sell
1500138585,43797380,0.0009199,6508.17938278,sell
1500138579,43797324,0.0009036,23.91053168,sell
1500138579,43797323,0.0009036,0.79657199,sell
1500138579,43797322,0.0009036,0.07855252,sell
1500138577,43797311,0.0009034,0.06986017,buy
1500138577,43797305,0.0009034,24.71579602,buy
1500138576,43797300,0.0009034,0.77509614,sell
1500138576,43797298,0.0009034,0.02147585,sell
1500138576,43797297,0.0009034,0.14841269,sell
1500138574,43797269,0.0009198,3.02022373,buy
1500138571,43797227,0.00092,2.60218721,sell
1500138571,43797226,0.00092,0.41803652,sell
1500138570,43797225,0.00092,7.4211293,buy
1500138570,43797224,0.0009198,24.46357195,buy
1500138570,43797215,0.0009198,1.09718038,buy
1500138570,43797214,0.0009198,0.16988854,buy
1500138570,43797213,0.0009198,0.16527505,buy
1500138570,43797212,0.0009198,0.37390737,buy
1500138570,43797211,0.0009198,0.41803652,buy
1500138570,43797210,0.0009198,0.36607958,buy
1500138570,43797209,0.0009198,1.71843993,buy
1500138569,43797197,0.0009198,7.42274407,buy
1500138567,43797160,0.0009198,0.30200043,sell
1500138566,43797151,0.0009198,0.36607958,sell
1500138548,43797017,0.0009187,8.5768315,buy
1500138547,43797016,0.0009187,0.66490368,buy
1500138546,43797014,0.0009188,8.5768315,sell
1500138544,43797010,0.0009187,12.56445048,buy
1500138540,43796996,0.0009189,21.14128198,sell
1500138539,43796984,0.0009189,6.77534659,sell
1500138539,43796983,0.0009189,0.66490368,sell
1500138536,43796964,0.00092,0.33821545,buy
1500138536,43796962,0.00092,17.80657444,buy
1500138536,43796961,0.0009189,31.379715,buy
1500138536,43796960,0.0009189,2.59299238,buy
1500138536,43796957,0.0009189,6.41560391,buy
1500138536,43796956,0.0009189,0.83682263,buy
1500138536,43796955,0.0009189,0.74593035,buy
1500138535,43796954,0.0009191,0.42624591,sell
1500138535,43796953,0.0009191,3.267889,sell
1500138535,43796952,0.0009191,19.87961702,sell
1500138535,43796951,0.0009191,49.18628944,sell
1500138535,43796950,0.0009191,0.33821545,sell
1500138535,43796949,0.0009191,2.59299238,sell
1500138535,43796948,0.0009191,6.41560391,sell
1500138535,43796947,0.0009191,0.83682263,sell
1500138535,43796946,0.0009191,0.74593035,sell
1500138534,43796931,0.0009198,15.05968006,buy
1500138533,43796914,0.0009198,12.45792953,buy
1500138533,43796911,0.0009198,91.79134229,buy
1500138533,43796910,0.000919,3.72823592,buy
1500138533,43796907,0.000919,3.71201435,buy
1500138533,43796906,0.000919,12.56445048,buy
1500138530,43796882,0.00092,0.1310326,buy
1500138529,43796869,0.00092,0.20606521,buy
1500138527,43796845,0.000919,7.71195865,buy
1500138527,43796837,0.000919,0.13120783,buy
1500138527,43796833,0.000919,1.00589771,buy
1500138527,43796832,0.000919,56.45575961,buy
1500138527,43796831,0.0009189,2.66925671,buy
1500138526,43796825,0.0009011,0.27794689,sell
1500138425,43796412,0.00091701,53.90101525,sell
1500138419,43796373,0.000917,60.04048848,sell
1500138418,43796362,0.0009198,67.12799161,buy
1500138410,43796274,0.000915,7.08750313,buy
1500138407,43796236,0.00091631,5.3603353,sell
1500138407,43796234,0.00091631,1.72716783,sell
1500138164,43795096,0.00091001,1.72716783,buy
1500138162,43795075,0.0009103,7.3496445,sell
1500138130,43794863,0.0009193,0.22993075,buy
1500138130,43794862,0.0009139,0.1,buy
1500138049,43794471,0.0009022,8.28668662,sell
1500138049,43794470,0.0009022,0.12422126,sell
1500138049,43794468,0.0009022,37.9631083,sell
1500138048,43794465,0.0009022,0.64587074,sell
1500138048,43794464,0.0009021,4.95171267,sell
1500138047,43794448,0.00090211,8.65841924,sell
1500137941,43793850,0.00091,110.00443847,buy
1500137941,43793849,0.00091,109.80101335,buy
