Timestamp,TradeId,Price,Amount,Type
1498953481,40668691,0.0014998,32.01245033,sell
1498953235,40668581,0.0015241,44.1223992,buy
1498953235,40668580,0.0015241,344.91291,buy
1498953235,40668579,0.001524,400.7574711,buy
1498953235,40668578,0.0015228,777.00937,buy
1498952881,40668206,0.0014993,112.8537662,sell
1498952881,40668205,0.0014993,225.4286821,sell
1498952881,40668204,0.0014993,159.334468,sell
1498952881,40668203,0.0014993,225.4286821,sell
1498952881,40668202,0.0014993,225.4286821,sell
1498952881,40668201,0.0014993,205.230307,sell
1498952881,40668200,0.0014993,170.0093661,sell
1498952881,40668199,0.0014993,225.4286821,sell
1498952881,40668198,0.0014993,225.4286821,sell
1498952881,40668197,0.0014993,225.4286821,sell
1498952697,40668007,0.0015,1896.722165,sell
1498952697,40668006,0.0015043,103.2778351,sell
1498952514,40667741,0.0015037,66.80933592,sell
1498952469,40667676,0.0015018,37.04007834,sell
1498952469,40667675,0.0015018,170.0093661,sell
1498952458,40667656,0.0015013,111.4636037,sell
1498952450,40667613,0.0015044,172.3627834,buy
1498952449,40667599,0.0015044,17.47936629,sell
1498952448,40667586,0.0015044,105.2961313,sell
1498952448,40667585,0.0015044,54.25412221,sell
1498952447,40667580,0.0015044,0.89987138,sell
1498952447,40667569,0.0015249,0.89987138,buy
1498952446,40667567,0.0015044,64.06807726,sell
1498952445,40667563,0.0015043,224.5288107,buy
1498952415,40667479,0.0015034,41.49017862,sell
1498952415,40667478,0.0015049,0.00350119,sell
1498952414,40667473,0.0015049,103.2743339,sell
1498952414,40667472,0.0015049,172.3627834,sell
1498952414,40667471,0.0015049,177.0296198,sell
1498952413,40667469,0.0015042,41.49367981,buy
1498952412,40667463,0.0015042,225.4286821,buy
1498952412,40667462,0.0015048,225.4286821,sell
1498952412,40667461,0.0015053,103.2778351,sell
1498952411,40667456,0.0015052,99.16119628,buy
1498952411,40667451,0.0015052,167.7611657,buy
1498952410,40667449,0.0015048,89.28980825,sell
1498952410,40667448,0.0015054,47.89117875,sell
1498952410,40667445,0.0015054,119.8699869,sell
1498952409,40667438,0.0015052,55.74099793,sell
1498952409,40667437,0.0015052,218.5232997,sell
1498952408,40667433,0.0015052,161.687741,sell
1498952408,40667432,0.0015053,63.73695743,sell
1498952408,40667431,0.0015053,138.702074,sell
1498952408,40667430,0.0015053,12.73214854,sell
1498952408,40667428,0.0015053,155.0290171,sell
1498952407,40667425,0.0015056,177.7346753,buy
1498952407,40667413,0.0015051,94.36334819,sell
1498952407,40667412,0.0015057,83.17015983,sell
1498952407,40667411,0.0015057,47.89117875,sell
1498952407,40667407,0.0015057,119.8699869,sell
1498952407,40667405,0.0015051,22.98965073,sell
1498952407,40667404,0.0015053,225.4286821,sell
1498952407,40667403,0.0015053,83.17015983,sell
1498952407,40667402,0.0015057,225.4286821,sell
1498952406,40667401,0.0015053,40.7851419,sell
1498952406,40667400,0.0015056,177.7346753,sell
1498952403,40667391,0.0015052,6.90538247,sell
1498952403,40667390,0.0015052,225.4286821,sell
1498952403,40667389,0.0015052,225.4286821,sell
1498952403,40667388,0.0015052,225.4286821,sell
1498952403,40667387,0.0015052,92.60833301,sell
1498951797,40666622,0.0014968,643.0553269,sell
1498951797,40666621,0.0015013,786.83883,sell
1498951797,40666620,0.0015016,10000,sell
1498951797,40666619,0.001511,3309.066843,sell
1498951423,40666044,0.001529,16,buy
1498951257,40665860,0.0015005,200,sell
1498951203,40665780,0.001507,600,sell
1498951111,40665644,0.001507,116.013136,sell
1498950920,40665370,0.00151,2304.908889,sell
1498950882,40665325,0.00151,80.4125744,sell
1498950858,40665253,0.00151,40.63365562,sell
1498950855,40665245,0.00151,299.1178973,sell
1498950855,40665235,0.00151,211.9269837,sell
1498950733,40664943,0.00151,32.01245033,sell
1498950732,40664941,0.00151,0.00004186,sell
1498950732,40664940,0.00151,1298.4772,sell
1498950730,40664937,0.00151,2500,sell
1498950728,40664935,0.00151,94.15545782,sell
1498950725,40664920,0.00151,106.1824534,sell
1498950725,40664919,0.0015101,24.52975192,sell
1498950723,40664904,0.0015101,111.6114305,sell
1498950721,40664895,0.00151,78.42780356,sell
1498950719,40664880,0.00151,5.59592052,sell
1498950719,40664876,0.00151,108.3029066,sell
1498950719,40664875,0.00151,913.9260883,sell
1498950719,40664874,0.00151,2.08463117,sell
1498950719,40664873,0.00151,15.98186772,sell
1498950718,40664872,0.00151,0.27189516,sell
1498950717,40664852,0.00151,223.6812517,sell
1498950715,40664842,0.00151,46.28507103,sell
1498950715,40664841,0.00151,6.03718847,sell
1498950715,40664840,0.00151,0.78750439,sell
1498950715,40664837,0.00151,0.10270207,sell
1498950715,40664836,0.00151,33.85208962,sell
1498950715,40664834,0.00151,0.57588695,sell
1498950715,40664833,0.00151,4.41551908,sell
1498950715,40664826,0.00151,0.27167926,sell
1498950715,40664825,0.00151,15.96913683,sell
1498950715,40664823,0.00151,2.08297591,sell
1498950715,40664820,0.00151,275.9749698,sell
1498950714,40664816,0.00151,140.1059337,sell
1498950714,40664807,0.00151,140.1059337,sell
1498950712,40664805,0.00151,203.6982359,sell
1498950712,40664804,0.00151,24.04800602,sell
1498950712,40664803,0.00151,111.2684373,sell
1498950712,40664800,0.00151,1.89303481,sell
1498950712,40664799,0.00151,14.51326695,sell
1498950712,40664798,0.00151,0.24691227,sell
1498950711,40664792,0.00151,24.72224192,sell
1498950711,40664791,0.00151,12.31204948,sell
1498950711,40664790,0.00151,3.20650317,sell
1498950711,40664789,0.00151,0.41827404,sell
1498950711,40664788,0.00151,24.5830893,sell
1498950711,40664787,0.00151,188.4704124,sell
1498950711,40664786,0.00151,4.00515394,sell
1498950711,40664785,0.00151,1.60590623,sell
1498950711,40664784,0.00151,30.70622088,sell
1498950711,40664783,0.00151,94.39219627,sell
1498950711,40664782,0.00151,0.20950317,sell
1498950711,40664781,0.00151,0.52244587,sell
1498950709,40664775,0.00151,0.27894512,sell
1498950709,40664773,0.00151,2.13859954,sell
1498950709,40664772,0.00151,16.39617354,sell
1498950707,40664763,0.00151,16.90649122,sell
1498950707,40664760,0.00151,8.45671774,sell
1498950707,40664756,0.00151,0.14388037,sell
1498950707,40664755,0.00151,1.10304219,sell
1498950706,40664751,0.00151,2.20517066,sell
1498950706,40664749,0.00151,0.28763889,sell
1498950706,40664736,0.00151,67.91044956,sell
1498950705,40664728,0.00151,115.8488665,sell
1498950705,40664726,0.00151,160.3509729,sell
1498950704,40664725,0.00151,276.7629112,sell
1498950703,40664719,0.00151,343.7632842,sell
1498950703,40664718,0.00151,186.8797342,sell
1498950703,40664717,0.00151,157.2382061,sell
1498950702,40664710,0.00151,1064.139241,sell
1498950702,40664709,0.00151,6.52313006,sell
1498950702,40664706,0.00151,0.8508802,sell
1498950702,40664702,0.00151,60.27584105,sell
1498950702,40664701,0.00151,0.11095253,sell
1498950702,40664699,0.00151,50.01072484,sell
1498950701,40664697,0.00151,223.6812517,sell
1498950701,40664696,0.00151,117.8894183,sell
1498950700,40664688,0.00151,117.7715289,sell
1498950699,40664687,0.00151,117.7715289,sell
1498950699,40664681,0.00151,342.7495791,sell
1498950407,40664113,0.001491,500,sell
1498950390,40664001,0.001495,332,sell
1498950390,40664000,0.001495,133.7792642,sell
1498950390,40663999,0.0014953,35.09422858,sell
1498950390,40663998,0.0014954,222.3173891,sell
1498950390,40663997,0.0014957,147.3312636,sell
1498950390,40663996,0.0014957,5.91178962,sell
1498950390,40663995,0.0014957,78.09741857,sell
1498950390,40663994,0.0014957,95.83353842,sell
1498950390,40663993,0.0014961,161.6390958,sell
1498950390,40663992,0.0014961,225.4286821,sell
1498950390,40663991,0.0014961,1.90406607,sell
1498950390,40663990,0.0014961,190.918839,sell
1498950390,40663989,0.0014961,0.24835818,sell
1498950390,40663988,0.0014961,186.5825319,sell
1498950390,40663987,0.0014961,89.64504781,sell
1498950390,40663986,0.0014961,1.9489333,sell
1498950390,40663985,0.0014961,0.2079382,sell
1498950390,40663984,0.0014961,86.75849152,sell
1498950390,40663983,0.0014961,14.94182199,sell
1498950390,40663982,0.0014961,76.56959138,sell
1498950390,40663981,0.0014961,0.2542087,sell
1498950390,40663980,0.0014961,4.21507304,sell
1498950390,40663979,0.0014961,74.8542366,sell
1498950389,40663973,0.0014993,121.7112141,sell
1498950388,40663970,0.001498,130.8451445,buy
1498950388,40663969,0.0014993,69.77727546,sell
1498950388,40663968,0.0014993,14.32048418,sell
1498950388,40663967,0.0014993,12.2222029,sell
1498950388,40663966,0.0014993,1.59420183,sell
1498950388,40663965,0.0014993,22.50914385,sell
1498950388,40663964,0.0014993,34.45002334,sell
1498950388,40663963,0.0014993,225.4286821,sell
1498950388,40663962,0.0014993,0.35840968,sell
1498950388,40663961,0.0014993,0.24363672,sell
1498950388,40663960,0.0014993,21.06647495,sell
1498950388,40663959,0.0014993,81.10635296,sell
1498950388,40663958,0.0014993,14.59783989,sell
1498950388,40663957,0.0014993,10.00769081,sell
1498950387,40663952,0.0014993,0.00001486,sell
1498950387,40663951,0.0014993,109.7904166,sell
1498950387,40663950,0.0014993,81.05209449,sell
1498950387,40663949,0.0014993,69.97026014,sell
1498950387,40663948,0.0014993,107.2851,sell
1498950387,40663947,0.0014993,94.41805657,sell
1498950387,40663946,0.0014993,69.84960101,sell
1498950387,40663945,0.0014993,5.91178962,sell
1498950387,40663944,0.0014993,224.7714989,sell
1498950387,40663943,0.0014993,147.3312636,sell
1498950387,40663942,0.0014993,2.74779642,sell
1498950387,40663941,0.0014993,128.6110078,sell
1498950385,40663910,0.0014992,9.87317489,sell
1498950385,40663909,0.0014992,1.90406607,sell
1498950385,40663908,0.0014992,0.24835818,sell
1498950385,40663907,0.0014992,0.2079382,sell
1498950379,40663885,0.0014991,79.69954524,sell
1498950379,40663884,0.0014991,34.45002334,sell
1498950379,40663883,0.0014991,10.00770567,sell
1498950379,40663882,0.0014991,69.84960101,sell
1498950379,40663881,0.0014991,69.97026014,sell
1498950379,40663880,0.0014991,73.48612318,sell
1498950379,40663879,0.0014991,59.33116431,sell
1498950379,40663878,0.0014991,21.63927062,sell
1498950379,40663876,0.0014991,59.46708234,sell
1498950379,40663875,0.0014991,72.17631329,sell
1498950379,40663874,0.0014991,121.7112141,sell
1498950378,40663873,0.0014991,81.05209449,sell
1498950378,40663872,0.0014991,94.41805657,sell
1498950378,40663871,0.0014991,139.1212934,sell
1498950378,40663870,0.0014991,107.2851,sell
1498950378,40663869,0.0014991,96.08491272,sell
1498950378,40663868,0.0014991,225.4286821,sell
1498950378,40663867,0.0014991,224.7714989,sell
1498950378,40663866,0.0014991,225.4286821,sell
1498950378,40663865,0.0014991,147.3312636,sell
1498950378,40663864,0.0014991,130.8451445,sell
1498950378,40663863,0.0014991,109.7904166,sell
1498950378,40663862,0.0014991,117.7779442,sell
1498950378,40663861,0.0014991,118.4824504,sell
1498950378,40663860,0.0014991,128.6110078,sell
1498950378,40663859,0.0014991,95.83353842,sell
1498950378,40663858,0.0014991,101.857066,sell
1498950378,40663857,0.0014991,102.5262384,sell
1498950367,40663816,0.0015,500,sell
1498950367,40663815,0.0015,180,sell
1498950367,40663814,0.0015,1000,sell
1498950367,40663813,0.0015,9.33430667,sell
1498950367,40663812,0.0015,122.1153888,sell
1498950367,40663811,0.0015001,132.2143383,sell
1498950367,40663810,0.0015001,184.003753,sell
1498950367,40663809,0.0015001,122.0358055,sell
1498950367,40663808,0.0015,210.8846112,sell
1498950367,40663807,0.0015,13,sell
1498950367,40663806,0.0015001,82.50621841,sell
1498950367,40663805,0.0015001,225.4286821,sell
1498950367,40663804,0.0015001,0.35840968,sell
1498950367,40663803,0.0015001,81.10635296,sell
1498950367,40663802,0.0015001,152.9324737,sell
1498950367,40663801,0.0015001,72.17631329,sell
1498950367,40663800,0.0015001,68.65392897,sell
1498950367,40663799,0.0015001,89.33307697,sell
1498950367,40663798,0.0015001,122.5727739,sell
1498950367,40663797,0.0015001,117.7228171,sell
1498950367,40663796,0.0015001,115.358176,sell
1498950367,40663795,0.0015001,111.408653,sell
1498950367,40663794,0.0015001,59.33116431,sell
1498950367,40663793,0.0015001,107.5488988,sell
1498950367,40663792,0.0015001,103.717468,sell
1498950367,40663791,0.0015001,81.05209449,sell
1498950367,40663790,0.0015001,96.08491272,sell
1498950367,40663789,0.0015001,79.69954524,sell
1498950367,40663788,0.0015001,10.00770567,sell
1498950367,40663787,0.0015001,34.45002334,sell
1498950366,40663784,0.0015053,220,sell
1498950366,40663783,0.0015053,1992.85382,sell
1498950366,40663782,0.0015053,7.14618028,sell
1498950366,40663781,0.0015053,2492.85382,sell
1498950365,40663779,0.0015053,2500,sell
1498950365,40663776,0.0015053,2500,sell
1498950364,40663772,0.0015053,2500,sell
1498950343,40663695,0.0015053,248.0643315,sell
1498950298,40663561,0.0015087,190.806055,sell
1498950298,40663560,0.0015096,0.15773714,sell
1498950298,40663559,0.0015113,140.8586806,sell
1498950297,40663555,0.0015113,631.5276894,sell
1498950296,40663538,0.0015096,0.26409426,sell
1498950296,40663537,0.0015098,331.66307,sell
1498950295,40663530,0.0015098,441.4907701,sell
1498950295,40663529,0.0015098,165.875423,sell
1498950295,40663528,0.0015113,0.03941286,sell
1498950294,40663525,0.0015113,772.3469571,sell
1498950294,40663523,0.0015098,607.368677,sell
1498950293,40663517,0.0015096,999.5743627,sell
1498950290,40663513,0.0015115,606.5203253,sell
1498950287,40663502,0.0015098,499.4037556,sell
1498950287,40663501,0.00151,607.0364901,sell
1498950287,40663500,0.0015113,165.4604891,sell
1498950287,40663497,0.0015113,606.9258809,sell
1498950286,40663489,0.00151,692.9635099,sell
1498950286,40663488,0.0015102,772.94903,sell
1498950286,40663487,0.0015111,92.31627206,sell
1498950286,40663482,0.0015111,247.7660843,sell
1498950285,40663479,0.0015111,607.0365194,sell
1498950284,40663467,0.0015111,2639.679627,sell
1498950278,40663435,0.0015113,66.96363652,sell
1498950277,40663420,0.0015111,3121.383459,sell
1498950275,40663407,0.0015113,0.8982,sell
1498950198,40663127,0.0015113,3.7924,sell
1498950181,40663082,0.0015111,3446.818038,sell
1498950181,40663081,0.0015133,0.00368822,sell
1498950174,40663069,0.0015133,981.0714199,sell
1498950167,40663059,0.0015133,3.7924,sell
1498950037,40662783,0.0015135,225.0499528,sell
1498950036,40662778,0.0015135,44.43392913,sell
1498950004,40662714,0.0015135,199.9234576,sell
1498949965,40662617,0.001519,0.10600994,sell
1498949963,40662597,0.001519,290.6362119,sell
1498949961,40662591,0.001519,838.1342281,sell
1498949949,40662507,0.001519,117.7314874,sell
1498949912,40662428,0.001519,258.3216418,sell
1498949911,40662425,0.001519,171.2230551,sell
1498949909,40662421,0.001519,335.8782456,sell
1498949908,40662414,0.001519,671.7974794,sell
1498949907,40662408,0.001519,1343.840887,sell
1498949905,40662400,0.001519,735.6466035,sell
1498949904,40662397,0.001519,1221.544304,sell
1498949903,40662394,0.001519,735.6466035,sell
1498949902,40662391,0.001519,2440.669964,sell
1498949902,40662388,0.001519,2748.952373,sell
1498949901,40662385,0.001519,609.6295844,sell
1498949900,40662382,0.001519,2744.955275,sell
1498949899,40662379,0.001519,3613.262225,sell
1498949899,40662376,0.001519,2748.952373,sell
1498949851,40662309,0.001519,610.1132706,sell
1498949850,40662306,0.001519,709.3281601,sell
1498949850,40662303,0.001519,610.5610561,sell
1498949848,40662298,0.001519,13878.43636,sell
1498949841,40662282,0.001519,0.26402946,sell
1498949841,40662281,0.001527,0.03537054,sell
1498949821,40662248,0.001527,129.9646295,sell
1498949821,40662247,0.001527,0.03537054,sell
1498949742,40662128,0.0015289,4,buy
1498949726,40662054,0.00153,0.03914235,sell
1498949726,40662051,0.00153,7189.503341,sell
1498949696,40661856,0.001527,3273.964629,sell
1498949649,40661779,0.001519,163.12,sell
1498949582,40661700,0.001519,1000,sell
1498949575,40661695,0.001535,320,buy
1498949472,40661507,0.001519,1225.47487,sell
1498949421,40661407,0.001519,31.84453359,buy
1498948906,40660472,0.0015149,143.9291683,sell
1498948906,40660471,0.001515,325.5208317,sell
1498948880,40660124,0.001529,77.82864617,buy
1498948769,40659780,0.00152,0.06912984,sell
1498948487,40659408,0.00152,9.93087016,sell
1498948487,40659407,0.001521,76.4,sell
1498948329,40659140,0.001531,31.84453359,buy
1498948058,40658748,0.001536,232.8213281,buy
1498947996,40658701,0.001536,30.99940104,buy
1498947941,40658632,0.001536,4.45048177,buy
1498947822,40658521,0.00152,256.9401194,sell
1498947574,40657669,0.00154,9719.085299,sell
1498947574,40657667,0.00154,280.9147013,sell
1498947551,40657634,0.001534,822.1240051,sell
1498947550,40657630,0.001534,3848.648909,sell
1498947532,40657596,0.0015322,1.10855813,sell
1498947505,40657511,0.0015322,170.1074412,sell
1498947505,40657510,0.0015322,84.208294,sell
1498947308,40657292,0.001565,200,buy
1498947249,40657234,0.0015322,5.51,sell
1498946995,40656895,0.001532,1831.963731,sell
1498946959,40656829,0.00155,0.00003243,sell
1498946958,40656827,0.00155,0.1374,sell
1498946957,40656817,0.00155,149.8625676,sell
1498946942,40656766,0.00155,0.03805559,sell
1498946942,40656765,0.00155,1499.961944,sell
1498946936,40656751,0.001523,30.56186345,buy
1498946908,40656689,0.00155,3996.979251,sell
1498946908,40656688,0.00155,22798.78095,sell
1498946907,40656684,0.00155,3.3932,sell
1498946906,40656675,0.00155,1251,buy
1498946906,40656674,0.00155,0.1,buy
1498946906,40656673,0.001549,6949.7466,buy
1498946857,40656637,0.00154,24.28639217,sell
1498946856,40656632,0.00154,2421.621256,sell
1498946856,40656631,0.00154,13699.65201,sell
1498946855,40656630,0.00154,467.0250293,sell
1498946855,40656629,0.00154,0.00381401,sell
1498946751,40656487,0.00154,794.6192757,sell
1498946746,40656477,0.00154,169.1021321,sell
1498946726,40656440,0.00154,8865.165714,sell
1498946725,40656439,0.00154,95.61508888,sell
1498946724,40656436,0.0015389,75.49397539,buy
1498946648,40656331,0.001539,6131.535021,buy
1498946648,40656330,0.0015389,3868.464979,buy
1498946647,40656329,0.0015389,559.7,buy
1498946623,40656309,0.00154,0.00352054,sell
1498946583,40656290,0.00154,1984.371733,sell
1498946583,40656289,0.00154,467.0288433,sell
1498946582,40656286,0.00154,281.1345969,buy
1498946582,40656285,0.00154,189.6880065,buy
1498946582,40656284,0.001539,7077.7733,buy
1498946576,40656263,0.00154,8.00667426,sell
1498946575,40656258,0.00154,9991.993326,sell
1498946540,40656168,0.00154,1707.244799,sell
1498946540,40656166,0.00154,7137.908925,sell
1498946540,40656163,0.00154,175.9871853,sell
1498946540,40656162,0.00154,978.8590909,sell
1498946469,40656053,0.0015279,1426.310752,buy
1498946469,40656052,0.0015279,75.9594419,buy
1498946419,40655985,0.0015318,14.03698005,sell
1498946419,40655984,0.0015318,9929.626393,sell
1498946419,40655982,0.0015318,56.33662715,buy
1498946371,40655951,0.00153,0.10897926,sell
1498946348,40655921,0.00153,196.5031585,sell
1498946346,40655916,0.00153,615.4509611,sell
1498946345,40655909,0.00153,9187.936901,sell
1498946298,40655856,0.001522,90,sell
1498946255,40655785,0.001522,985.1026128,sell
1498946255,40655784,0.001522,3443.907242,sell
1498946120,40655628,0.0015179,260.5578835,sell
1498946120,40655627,0.0015181,0.00000394,sell
1498946118,40655622,0.0015181,260.6225461,sell
1498946117,40655619,0.0015179,260.6225461,sell
1498946114,40655616,0.0015177,260.5417784,sell
1498946108,40655607,0.0015179,40.34745742,sell
1498946108,40655606,0.00152,0.1,sell
1498946108,40655605,0.001522,0.06967004,sell
1498946108,40655604,0.001571,1228,buy
1498946094,40655540,0.001522,2.4344039,sell
1498946094,40655539,0.0015222,207.88852,sell
1498946093,40655535,0.001522,72.99592606,sell
1498946093,40655534,0.001522,2782.6028,sell
1498946093,40655533,0.0015222,247.88092,sell
1498946019,40655401,0.001522,985.6921136,buy
1498946019,40655400,0.001522,1231.705086,buy
1498946004,40655338,0.00153,30.56186345,sell
1498945999,40655327,0.001538,7.99429602,sell
1498945999,40655323,0.001538,4992.005704,sell
1498945878,40655105,0.00154,105.9343419,sell
1498945877,40655100,0.00154,3640.882784,sell
1498945877,40655099,0.00154,991.6301186,sell
1498945877,40655097,0.00154,261.5527557,sell
1498945823,40654944,0.001545,32.92794744,sell
1498945823,40654942,0.001545,9967.072053,sell
1498945807,40654884,0.001578,25,buy
1498945796,40654846,0.00155,6081.870897,sell
1498945796,40654845,0.00155,2491.81835,sell
1498945796,40654843,0.00155,1426.310752,sell
1498945676,40654690,0.001576,665.41534,sell
1498945676,40654689,0.0015758,334.58466,buy
1498945669,40654675,0.0015196,499,sell
1498945669,40654674,0.0015242,1,sell
1498945604,40654516,0.001579,4700.65703,buy
1498945604,40654515,0.001578,10959.7672,buy
1498945604,40654514,0.00157,200,buy
1498945604,40654513,0.0015665,500,buy
1498945604,40654512,0.00156,300,buy
1498945604,40654511,0.00155,50,buy
1498945604,40654510,0.00155,1298.692141,buy
1498945604,40654509,0.0015496,195.7297754,buy
1498945604,40654508,0.001535,199.2734139,buy
1498945397,40654063,0.0015414,256.6024188,buy
1498945397,40654062,0.001535,5,buy
1498945155,40653618,0.001522,460.1140138,sell
1498944744,40651901,0.001528,1000,sell
1498944744,40651899,0.0015278,1722.88393,buy
1498944686,40651677,0.0015278,163.007501,buy
1498944401,40650637,0.0015277,249.504425,buy
1498944307,40650416,0.00152,0.83749685,sell
1498944050,40649983,0.0015279,96.17521435,buy
1498944022,40649952,0.00152,2258.416636,sell
1498943799,40649593,0.001529,1239.372139,buy
1498943753,40649471,0.00152,30.563521,sell
1498943695,40649337,0.00152,4964.216183,sell
1498943695,40649336,0.001524,22.12,sell
1498943646,40649107,0.001529,301.55,buy
1498943628,40648988,0.001524,7.88,sell
1498943336,40648059,0.001524,91.87980509,sell
1498943267,40647998,0.001524,3079.883448,sell
1498943231,40647936,0.001524,74.20290976,sell
1498943231,40647935,0.001524,23.80486908,sell
1498943207,40647895,0.0015236,342.1662532,buy
1498943207,40647894,0.0015236,124.66,buy
1498943207,40647893,0.0015236,124.6566477,buy
1498943185,40647819,0.0015235,1.30397883,sell
1498943185,40647814,0.0015235,342.1699482,sell
1498943185,40647813,0.0015236,124.66,sell
1498943035,40647610,0.0015235,0.01253196,sell
1498943035,40647609,0.0015236,7.48801377,sell
1498942834,40646939,0.0015236,187.5119862,buy
1498942345,40645888,0.0015235,156.513541,buy
1498941862,40645069,0.001511,1891.753041,sell
1498941505,40644343,0.0015237,100,buy
1498941272,40643868,0.00151,560.6975938,sell
1498941271,40643867,0.00151,739.039947,sell
1498941218,40643789,0.00151,0.25459257,sell
1498941218,40643788,0.001514,156.5135403,sell
1498941147,40643707,0.001514,0.00849993,sell
1498941147,40643706,0.001527,2,sell
1498940973,40643355,0.00153,0.40361448,sell
1498940967,40643335,0.00153,299.5963855,sell
1498940764,40642834,0.001534,800.8409387,buy
1498940719,40642699,0.001516,1002.69,sell
1498940649,40642574,0.001537,0.79419093,sell
1498940648,40642569,0.001537,1620.156945,sell
1498940615,40642515,0.001537,68.14682292,sell
1498940600,40642439,0.001537,789.0909,sell
1498940599,40642435,0.001537,379.270444,sell
1498940599,40642433,0.001537,205.413585,sell
1498940598,40642425,0.001537,204.406876,sell
1498940596,40642413,0.001537,124.568515,sell
1498940596,40642412,0.001537,1043.76786,sell
1498940556,40642338,0.001537,789.298885,sell
1498940555,40642330,0.001537,107.7526226,sell
1498940483,40642130,0.0015371,5.05135859,buy
1498940478,40642105,0.0015371,95.67238956,buy
1498940429,40642019,0.001537,221.6864707,sell
1498940429,40642018,0.001537,221.6864707,sell
1498940426,40642017,0.001537,221.6864707,sell
1498940425,40642014,0.001537,221.6864707,buy
1498940425,40642013,0.0015368,221.6864707,buy
1498940392,40641925,0.001537,201.8848416,buy
1498940392,40641924,0.0015368,76,buy
1498940293,40641696,0.0015181,500,sell
1498939911,40640900,0.001523,1000,sell
1498939805,40640741,0.0015448,584.1026146,sell
1498939805,40640740,0.0015448,39.79470545,sell
1498939755,40640656,0.001515,465.1925594,sell
1498939755,40640655,0.001534,34.80744065,sell
1498939661,40640540,0.001545,991.25,sell
1498939570,40640372,0.0015496,64.38771941,buy
1498939570,40640371,0.0015469,100,buy
1498939570,40640370,0.0015469,5,buy
1498939570,40640369,0.0015469,54.41392799,buy
1498939520,40640287,0.001545,258.75,buy
1498938966,40639219,0.0015469,20,buy
1498938640,40638462,0.0015469,0.00306378,sell
1498938623,40638422,0.0015469,9.99693622,sell
1498938602,40638392,0.0015131,596.17381,sell
1498938602,40638391,0.0015135,476.82619,sell
1498938569,40638313,0.0015141,825,sell
1498938513,40638133,0.001518,0.99799999,sell
1498938393,40637811,0.0015399,0.277,buy
1498938364,40637778,0.001542,0.24774402,buy
1498938222,40637592,0.001509,200,sell
1498938161,40637516,0.0015461,45,buy
1498938148,40637501,0.0015467,645,buy
1498938120,40637420,0.0015486,0.08300823,sell
1498938098,40637391,0.0015486,33.91699177,sell
1498938097,40637386,0.0015486,74.5,buy
1498938097,40637385,0.0015486,74.5,buy
1498938097,40637384,0.001545,25,buy
1498938097,40637383,0.0015448,25,buy
1498938097,40637382,0.0015448,25,buy
1498937905,40637059,0.001516,325,sell
1498937829,40636806,0.001519,22.66218121,sell
1498937489,40636001,0.001506,9809.080469,sell
1498937489,40636000,0.0015061,92.26349264,sell
1498937489,40635999,0.0015087,260.6387723,sell
1498937489,40635998,0.0015093,1000,sell
1498937489,40635997,0.0015162,74.5,sell
1498937489,40635996,0.0015164,74.5,sell
1498937489,40635995,0.0015185,91.753251,sell
1498937489,40635994,0.0015186,91.75325115,sell
1498937489,40635993,0.00155,400.8135149,sell
1498937453,40635928,0.00155,594.4,buy
1498937453,40635927,0.0015498,594.4,buy
1498937453,40635926,0.0015497,92.38648506,buy
1498937123,40635105,0.00155,273.8167025,sell
1498937116,40635083,0.00155,53.18329747,sell
1498937116,40635082,0.00155,0.00579733,sell
1498937023,40634885,0.00155,13.53749808,sell
1498937016,40634876,0.00155,303.9500106,sell
1498937016,40634875,0.00155,121.5959722,sell
1498936723,40633304,0.00155,700,buy
1498936723,40633303,0.00155,2,buy
1498936723,40633302,0.00155,989,buy
1498936723,40633301,0.00155,1654.341264,buy
1498936719,40633265,0.00155,462.1938722,buy
1498936717,40633249,0.00155,32.71934883,buy
1498936715,40633234,0.00155,487.6135424,buy
1498936713,40633225,0.00155,119.3216518,buy
1498936709,40633202,0.00155,341.76444,buy
1498936709,40633200,0.00155,1251.630241,buy
1498936706,40633186,0.00155,674.3979444,buy
1498936706,40633182,0.00155,306.6271735,buy
1498936705,40633172,0.00155,479.8006402,buy
1498936701,40633153,0.00155,114.7820031,buy
1498936700,40633149,0.00155,1254.050963,buy
1498936698,40633137,0.00155,334.9760011,buy
1498936698,40633135,0.00155,305.7678779,buy
1498936697,40633129,0.00155,685.8186779,buy
1498936696,40633121,0.00155,320.3309627,buy
1498936694,40633106,0.00155,1251.967736,buy
1498936692,40633100,0.00155,110.288248,buy
1498936690,40633053,0.00155,304.5203126,buy
1498936688,40633045,0.00155,1025.380143,buy
1498936688,40633039,0.00155,319.8374144,buy
1498936686,40633018,0.00155,91.61290323,buy
1498936684,40633005,0.00155,159.0341875,buy
1498936683,40632970,0.00155,1247.974828,buy
1498936683,40632969,0.0015498,0.00000503,buy
1498936682,40632968,0.0015498,317.493301,buy
1498936671,40632870,0.0015498,220.5155504,buy
1498936669,40632858,0.0015498,220.4102321,buy
1498936669,40632855,0.0015498,220.1152314,buy
1498936629,40632493,0.0015498,210.3991443,buy
1498936519,40632100,0.001544,23.71388183,buy
1498936519,40632099,0.0015436,64.86883984,buy
1498936519,40632098,0.0015435,70.81760208,buy
1498936412,40631977,0.0015486,3.17784008,sell
1498936412,40631975,0.0015486,978.5343199,sell
1498936306,40631834,0.0015162,65.20122065,sell
1498936305,40631827,0.0015409,0.13116016,sell
1498936305,40631826,0.0015409,64.86883984,sell
1498936170,40631565,0.0015409,4.53500058,buy
1498936170,40631564,0.0015408,60.02277863,buy
1498935782,40630729,0.001516,7551.841266,sell
1498935770,40630710,0.0015123,3393.408889,sell
1498935770,40630709,0.0015123,1000,sell
1498935748,40630678,0.001525,149.7549252,sell
1498935716,40630612,0.001526,710.2453211,sell
1498935695,40630575,0.0015261,125.1096916,sell
1498935695,40630574,0.001535,500,sell
1498935470,40629951,0.001549,850.3215825,buy
1498935361,40629594,0.00155,11928.64928,buy
1498935322,40629482,0.00155,16238.07513,buy
1498935321,40629481,0.00155,125.2593488,buy
1498935320,40629474,0.00155,606.7417714,buy
1498935320,40629471,0.00155,6850.385156,buy
1498935319,40629463,0.00155,305.6967935,buy
1498935319,40629462,0.00155,31627.56597,buy
1498935319,40629461,0.0015498,1918.94373,buy
1498935197,40629143,0.0015498,2500,buy
1498935125,40628877,0.0015498,50,buy
1498935069,40628722,0.0015498,258.2035984,buy
1498935069,40628721,0.0015498,123.8792102,buy
1498935069,40628720,0.0015498,149.9734611,buy
1498935069,40628719,0.0015497,117.5174685,buy
1498935069,40628718,0.0015496,117.5174685,buy
1498934950,40628508,0.0015496,1,buy
1498934904,40628341,0.001535,0.00002469,buy
1498934903,40628340,0.001535,330.5983,buy
1498934845,40628221,0.0015493,132.6388811,buy
1498934845,40628220,0.0015492,134.6153572,buy
1498934785,40628081,0.0015497,64.52924437,buy
1498934578,40627547,0.00155,1114.472449,buy
1498934578,40627546,0.0015498,170.527551,buy
1498934540,40627468,0.00155,441.0362516,buy
1498934540,40627467,0.0015478,3.51,buy
1498934540,40627466,0.0015369,277.9455382,buy
1498934497,40627408,0.0015367,175.9883946,buy
1498934453,40627305,0.0015369,99.95599664,buy
1498934444,40627291,0.0015369,48.79953152,buy
1498934431,40627244,0.0015369,1587.389874,buy
1498934401,40627168,0.0015369,335.2578047,buy
1498934351,40627101,0.0015369,2641.745236,buy
1498934230,40626965,0.0015369,1301.157217,buy
1498934230,40626964,0.0015281,0.16362405,buy
1498934224,40626944,0.0015281,226.890708,buy
1498934141,40626809,0.0015309,359.0591199,sell
1498934141,40626808,0.0015309,1279.541973,sell
1498934136,40626765,0.0015369,3707.748802,buy
1498934136,40626764,0.0015309,6550.548134,buy
1498934113,40626657,0.0015309,8934.337037,buy
1498934108,40626638,0.0015309,697.4197879,buy
1498934066,40626479,0.0015309,5.12475073,buy
1498934066,40626475,0.0015309,3812.57029,buy
1498934066,40626474,0.001525,1.32733424,buy
1498933871,40625980,0.001523,6.7515,sell
1498933850,40625890,0.001525,2867.59765,buy
1498933850,40625889,0.0015239,0.00003201,buy
1498933847,40625880,0.0015239,885.6808,buy
1498933774,40625651,0.0015221,1449.342882,buy
1498933774,40625647,0.0015221,692.7515435,buy
1498933772,40625637,0.0015221,596.8776488,buy
1498933772,40625633,0.0015221,598.7657447,buy
1498933769,40625630,0.0015239,64.77916799,buy
1498933769,40625629,0.0015221,0.00001154,buy
1498933769,40625626,0.0015221,40.30337422,buy
1498933769,40625625,0.001522,0.00000587,buy
1498933769,40625624,0.001522,138.6954518,buy
1498933714,40625468,0.0015221,33.35281286,buy
1498933650,40625258,0.0015221,0.19580138,buy
1498933612,40625114,0.001522,109.4266813,buy
1498933612,40625113,0.00152,0.00003611,buy
1498933541,40625032,0.00152,530.9080393,buy
1498933541,40625031,0.0015197,145.0755607,buy
1498933469,40624912,0.0015195,1,sell
1498933340,40624701,0.00152,681.8508622,buy
1498933337,40624697,0.00152,85.94106239,buy
1498933337,40624696,0.0015195,150.7549252,buy
1498933070,40624286,0.00151,1,buy
1498933012,40624192,0.0015099,100.2095047,buy
1498932616,40623672,0.0015053,560.09,sell
1498931995,40622957,0.0015199,993.8916179,buy
1498931995,40622956,0.0015125,2,buy
1498931995,40622955,0.0015122,0.56813155,buy
1498931922,40622886,0.001506,70,sell
1498931663,40622456,0.0015066,74,buy
1498931639,40622429,0.0015066,10,buy
1498931635,40622421,0.0015066,10,buy
1498931631,40622415,0.0015066,10,buy
1498931627,40622413,0.0015066,10,buy
1498931623,40622407,0.0015066,10,buy
1498931616,40622385,0.0015066,107.705865,buy
1498931616,40622381,0.0015066,19.18736708,buy
1498931616,40622380,0.0015066,65.64096361,buy
1498931615,40622364,0.0015065,95.10454758,buy
1498931613,40622355,0.0015064,19.18736708,buy
1498931613,40622354,0.0015063,99.90736114,buy
1498931612,40622339,0.0015066,95.10454758,sell
1498931612,40622338,0.0015066,107.705865,sell
1498931612,40622337,0.0015066,6.58604962,sell
1498931612,40622336,0.0015066,107.705865,sell
1498931611,40622332,0.0015195,10,buy
1498931604,40622304,0.0015199,10,sell
1498931589,40622219,0.0015099,0.9,buy
1498931588,40622213,0.00151,324.4065596,sell
1498931586,40622202,0.0015101,184.7356918,sell
1498931585,40622192,0.0015101,112.9076761,buy
1498931585,40622187,0.0015101,100.7294946,buy
1498931585,40622186,0.00151,53.560011,sell
1498931585,40622185,0.0015102,112.521006,sell
1498931584,40622180,0.00151,922.0334294,sell
1498931584,40622179,0.0015101,99.3645476,sell
1498931584,40622178,0.0015101,112.521006,sell
1498931563,40622080,0.0015199,0.1,sell
1498931546,40622065,0.0015199,0.1,sell
1498931490,40621916,0.0015199,0.11,sell
1498931490,40621915,0.0015199,485,sell
1498931490,40621914,0.0015199,124.3576641,sell
1498931356,40621783,0.0015239,5,buy
1498931355,40621781,0.0015237,5,buy
1498931354,40621778,0.0015237,5,buy
1498931344,40621775,0.0015237,30,buy
1498931331,40621764,0.0015239,50,buy
1498931314,40621744,0.0015239,5,buy
1498931199,40621587,0.001525,1210,buy
1498931199,40621586,0.0015249,90,buy
1498930863,40620845,0.0015239,0.87313474,buy
1498930833,40620693,0.001525,0.77,buy
1498930786,40620574,0.0015249,137,buy
1498930608,40620299,0.0015244,17.61969787,buy
1498930568,40620253,0.0015239,25.50602871,sell
1498930568,40620252,0.0015239,17.62330864,sell
1498930568,40620251,0.001524,0.00365643,sell
1498930568,40620250,0.001524,48.38696531,sell
1498930540,40620223,0.001524,39.43712857,sell
1498930537,40620203,0.001524,105.1722497,sell
1498930508,40620134,0.0015239,351.8706627,sell
1498930440,40619974,0.001525,526.7429907,buy
1498930440,40619973,0.0015239,1075.487799,buy
1498930440,40619972,0.0015237,217.7692105,buy
1498929829,40619157,0.0015239,249.7996923,buy
1498929829,40619156,0.0015237,250.2003077,buy
1498929730,40619050,0.001523,25,buy
1498929596,40618873,0.0015228,228.8386193,buy
1498929500,40618720,0.0015237,65.43282798,buy
1498929457,40618619,0.0015239,226.7125089,buy
1498929282,40618392,0.0015239,195,buy
1498929220,40618091,0.001523,600,buy
1498929197,40618075,0.001523,228.025941,buy
1498929188,40618049,0.00152,25,buy
1498929188,40618048,0.00152,186.134661,buy
1498929179,40618005,0.00152,227.5543911,buy
1498929171,40617991,0.00152,227.5795083,buy
1498929163,40617982,0.00152,227.601307,buy
1498929155,40617977,0.00152,230.3919686,buy
1498929139,40617948,0.0015199,195.6423359,buy
1498929030,40617815,0.00152,198.1381639,buy
1498929030,40617814,0.0015199,145.5557531,buy
1498929030,40617813,0.0015199,3.3788956,buy
1498929030,40617812,0.0015198,145.5557478,buy
1498929018,40617782,0.0015198,50,buy
1498928898,40617630,0.0015053,769.4845917,sell
1498928898,40617629,0.0015054,230.5154083,sell
1498928839,40617559,0.0015054,0.87,sell
1498928776,40617500,0.0015199,126.8149146,buy
1498928648,40617422,0.0015239,826.4711668,buy
1498928648,40617421,0.001521,280,buy
1498928648,40617420,0.0015163,193.5288332,buy
1498928646,40617415,0.0015053,100,sell
1498928643,40617412,0.0015053,100,sell
1498928635,40617397,0.0015053,100,sell
1498928632,40617391,0.0015053,100,sell
1498928630,40617387,0.0015053,100,sell
1498928627,40617378,0.0015053,100,sell
1498928625,40617376,0.0015053,100,sell
1498928625,40617374,0.0015168,65.92827004,buy
1498928614,40617367,0.0015053,100,sell
1498928612,40617365,0.0015053,100,sell
1498928603,40617362,0.0015053,100,sell
1498928000,40616637,0.001521,779.3012938,buy
1498928000,40616636,0.0015189,220.6987062,buy
1498927971,40616598,0.0015219,1026.092671,sell
1498927970,40616593,0.0015219,210.0694527,sell
1498927937,40616558,0.0015219,2180.324288,sell
1498927903,40616499,0.0015219,72.52197925,sell
1498927835,40616430,0.0015239,49.14271157,buy
1498927828,40616417,0.0015239,243.7082189,buy
1498927806,40616392,0.0015219,8.50158354,sell
1498927802,40616386,0.001524,267.455322,buy
1498927800,40616384,0.0015219,1297.4,sell
1498927786,40616383,0.0015219,500,sell
1498927776,40616377,0.001524,55,buy
1498927772,40616369,0.001524,289.4982533,buy
1498927759,40616362,0.0015239,264.2670022,buy
1498927749,40616355,0.001524,253.1239122,buy
1498927709,40616318,0.001524,0.55,buy
1498927694,40616307,0.001524,216.4169759,buy
1498927694,40616306,0.0015239,170.5830241,buy
1498927687,40616299,0.0015239,100,buy
1498927671,40616286,0.0015113,100,sell
1498927668,40616284,0.0015111,100,sell
1498927658,40616275,0.001509,100,sell
1498927655,40616271,0.0015239,100,sell
1498927645,40616255,0.0015071,100,sell
1498927629,40616185,0.0015053,100,sell
1498927625,40616173,0.0015061,86,sell
1498927625,40616172,0.001514,14,sell
1498927119,40615461,0.0015199,4192.350174,sell
1498927102,40615446,0.0015199,311.1264146,sell
1498927102,40615442,0.0015199,248.2617057,buy
1498927102,40615441,0.0015178,248.2617057,buy
1498927027,40615389,0.001519,5000,buy
1498926928,40615326,0.0015117,75.71808332,buy
1498926926,40615325,0.0015116,38.01686292,buy
1498926825,40615276,0.0015092,28.2830973,buy
1498926825,40615275,0.0015091,38.01686292,buy
1498926567,40615137,0.0015135,25.19909481,buy
1498926359,40614966,0.0015055,28.28357736,sell
1498926358,40614965,0.0015054,28.28357736,buy
1498926354,40614964,0.0015054,75.71808332,sell
1498926348,40614957,0.0015054,75.88947053,sell
1498926347,40614952,0.0015054,35.93208126,buy
1498926346,40614948,0.0015053,125.1843541,sell
1498926346,40614946,0.0015053,6.64984388,sell
1498926346,40614945,0.0015053,75.88947053,sell
1498926343,40614938,0.0015053,117.8839814,sell
1498926343,40614937,0.0015053,120.3552647,sell
1498926342,40614931,0.0015053,0.1342783,sell
1498926342,40614929,0.0015053,83.20149471,sell
1498926342,40614928,0.0015053,196.0601808,sell
1498926342,40614927,0.0015053,96.10376652,sell
1498926341,40614925,0.0015053,1.02946694,sell
1498926341,40614924,0.0015053,237.6724904,sell
1498926340,40614920,0.0015053,1.86862419,sell
1498926340,40614919,0.0015053,181.9956592,sell
1498926340,40614918,0.0015053,23.73856423,sell
1498926340,40614917,0.0015053,2592.525515,sell
1498926339,40614912,0.0015053,0.49233073,sell
1498926339,40614911,0.0015053,617.618669,sell
1498926339,40614908,0.0015053,1.47333203,sell
1498926338,40614905,0.0015053,0.19217375,sell
1498926338,40614904,0.0015053,11.29554557,sell
1498926338,40614903,0.0015053,16.48017311,sell
1498926338,40614902,0.0015054,70.11900966,sell
1498926338,40614898,0.0015054,4.11971614,sell
1498926338,40614897,0.0015054,0.94200324,sell
1498926338,40614896,0.0015054,0.53735428,sell
1498926338,40614892,0.0015053,0.41011945,sell
1498926338,40614891,0.0015053,7.89257986,sell
1498926338,40614890,0.0015053,3.14424917,sell
1498926338,40614889,0.0015053,0.12286999,sell
1498926338,40614887,0.0015053,87.93877298,sell
1498926338,40614880,0.0015053,7.22202483,sell
1498926338,40614879,0.0015053,0.32681057,sell
1498926338,40614874,0.0015053,2.50554773,sell
1498926338,40614872,0.0015053,8.37129706,sell
1498926338,40614871,0.0015053,1.09190831,sell
1498926338,40614870,0.0015053,0.14242283,sell
1498926338,40614868,0.0015053,233.9002497,sell
1498926338,40614866,0.0015053,19.20919925,sell
1498926337,40614856,0.0015053,0.48378112,sell
1498926337,40614853,0.0015053,1.49478464,sell
1498926337,40614850,0.0015053,11.46001557,sell
1498926337,40614849,0.0015053,87.86011942,sell
1498926337,40614847,0.0015053,2689.798337,sell
1498926337,40614846,0.0015054,94.58353758,sell
1498926337,40614845,0.0015054,23.18220533,sell
1498926337,40614844,0.0015054,0.19497191,sell
1498926336,40614840,0.0015054,3.70898859,sell
1498926336,40614839,0.0015054,8.84591543,sell
1498926336,40614835,0.0015054,7.89257986,buy
1498926336,40614834,0.0015054,0.1342783,buy
1498926336,40614833,0.0015054,96.10376652,buy
1498926336,40614832,0.0015054,0.92888829,buy
1498926336,40614829,0.0015053,0.15049762,sell
1498926336,40614827,0.0015053,1.15381505,sell
1498926336,40614825,0.0015053,96.10376652,sell
1498926336,40614824,0.0015053,4.24276224,sell
1498926335,40614819,0.0015054,0.10057865,buy
1498926335,40614811,0.0015053,2807.56408,sell
1498926334,40614806,0.0015053,2496.170286,sell
1498926334,40614805,0.0015054,75.71808332,sell
1498926334,40614804,0.0015054,140.9915942,sell
1498926334,40614803,0.0015054,94.58353758,sell
1498926334,40614802,0.0015054,0.10057865,sell
1498926332,40614798,0.0015053,2807.56408,sell
1498926331,40614794,0.0015053,1445.337701,sell
1498926331,40614793,0.0015053,1362.226379,sell
1498926330,40614789,0.0015053,2712.879964,sell
1498926330,40614788,0.0015054,94.58353758,sell
1498926330,40614787,0.0015054,0.10057865,sell
1498926328,40614782,0.0015053,1000,sell
1498926322,40614767,0.0015053,1000,sell
1498926320,40614761,0.0015053,1123.207517,sell
1498926314,40614754,0.0015054,84.43708789,buy
1498926313,40614753,0.0015054,69.84960101,buy
1498926313,40614752,0.0015054,79.86099779,buy
1498926313,40614751,0.0015054,0.77110299,buy
1498926313,40614750,0.0015054,45.3237204,buy
1498926311,40614748,0.0015054,10.1464497,buy
1498926311,40614747,0.0015054,84.43708789,sell
1498926311,40614746,0.0015054,79.86099779,sell
1498926311,40614745,0.0015054,69.84960101,sell
1498926311,40614744,0.0015054,0.77110299,sell
1498926311,40614743,0.0015054,45.3237204,sell
1498926302,40614732,0.0015053,1000,sell
1498926292,40614724,0.0015053,1000,sell
1498926283,40614715,0.0015053,1000,sell
1498926273,40614702,0.0015053,1000,sell
1498926256,40614694,0.0015053,1000,sell
1498926246,40614682,0.0015053,1000,sell
1498926237,40614675,0.0015053,1000,sell
1498926228,40614670,0.0015053,1000,sell
1498926219,40614668,0.0015053,1000,sell
1498926209,40614667,0.0015053,1000,sell
1498926199,40614661,0.0015053,1000,sell
1498926190,40614650,0.0015053,1000,sell
1498926182,40614645,0.0015053,1000,sell
1498926169,40614641,0.0015053,1000,sell
1498926160,40614639,0.0015053,1000,sell
1498926152,40614621,0.0015053,1000,sell
1498926144,40614611,0.0015053,1000,sell
1498926134,40614605,0.0015053,1000,sell
1498926126,40614593,0.0015053,1000,sell
1498926117,40614589,0.0015053,1000,sell
1498926108,40614581,0.0015053,1000,sell
1498926099,40614572,0.0015053,1000,sell
1498926090,40614570,0.0015053,1000,sell
1498926082,40614569,0.0015053,1000,sell
1498926074,40614567,0.0015053,1000,sell
1498926064,40614561,0.0015053,1000,sell
1498926055,40614557,0.0015053,1000,sell
1498926045,40614549,0.0015053,1000,sell
1498926036,40614541,0.0015053,1000,sell
1498926026,40614530,0.0015053,1000,sell
1498926018,40614527,0.0015053,1998.125196,sell
1498926018,40614526,0.0015053,1000,sell
1498926009,40614521,0.0015053,1000,sell
1498925996,40614511,0.0015053,1000,sell
1498925985,40614502,0.0015053,1000,sell
1498925983,40614492,0.0015053,4517.570396,sell
1498925977,40614479,0.0015053,606.2996905,sell
1498925975,40614475,0.0015053,1679.690859,sell
1498925975,40614474,0.0015053,1734.272231,sell
1498925975,40614472,0.0015053,1000,sell
1498925970,40614467,0.0015053,3946.369357,sell
1498925970,40614462,0.0015053,3946.369357,sell
1498925965,40614458,0.0015053,1000,sell
1498925961,40614451,0.0015053,3946.260991,sell
1498925961,40614450,0.001506,0.10836653,sell
1498925959,40614446,0.001506,297.6695201,sell
1498925957,40614444,0.0015053,1000,sell
1498925952,40614442,0.0015053,0.10037759,sell
1498925951,40614436,0.0015053,2838.708186,sell
1498925949,40614426,0.0015053,96.24047462,sell
1498925948,40614414,0.0015053,147.4107083,sell
1498925946,40614405,0.0015053,1000,sell
1498925945,40614400,0.0015053,86.31228975,sell
1498925943,40614393,0.0015053,10.04440819,sell
1498925940,40614382,0.0015053,85.53402081,sell
1498925939,40614377,0.0015053,85.57037818,sell
1498925938,40614372,0.0015053,4517.570396,sell
1498925936,40614368,0.0015053,85.51317378,sell
1498925933,40614363,0.0015053,16.71913725,sell
1498925932,40614358,0.0015053,1000,sell
1498925931,40614355,0.0015053,13.32948632,sell
1498925927,40614345,0.0015053,224.9170816,sell
1498925926,40614339,0.0015053,266.2796427,sell
1498925925,40614330,0.0015053,1000,sell
1498925925,40614326,0.0015053,200.3871082,sell
1498925923,40614319,0.0015053,365.5066604,sell
1498925921,40614311,0.0015053,224.8960449,sell
1498925918,40614302,0.0015053,22.23529183,sell
1498925917,40614296,0.0015053,2172.376333,sell
1498925916,40614285,0.0015053,2821.423718,sell
1498925916,40614284,0.0015053,100.6490334,sell
1498925914,40614280,0.0015053,130.1888336,sell
1498925914,40614278,0.0015053,1000,sell
1498925913,40614274,0.0015053,102.6933236,sell
1498925912,40614266,0.0015053,389.6600471,sell
1498925911,40614262,0.0015053,154.5162544,sell
1498925911,40614259,0.0015053,100.6062963,sell
1498925908,40614244,0.0015053,175.0685658,sell
1498925907,40614239,0.0015053,240.7516442,sell
1498925907,40614233,0.0015053,19.80098154,sell
1498925907,40614231,0.0015053,2.58273672,sell
1498925907,40614229,0.0015053,0.3368787,sell
1498925907,40614227,0.0015053,151.8075251,sell
1498925906,40614224,0.0015053,0.18437215,sell
1498925906,40614222,0.0015053,0.63868932,sell
1498925906,40614220,0.0015053,10.7202204,sell
1498925906,40614219,0.0015053,0.1823856,sell
1498925906,40614217,0.0015053,1.39828962,sell
1498925906,40614215,0.0015053,82.1883564,sell
1498925906,40614214,0.0015053,37.54073903,sell
1498925906,40614213,0.0015053,4.89661814,sell
1498925906,40614207,0.0015053,139.6793234,sell
1498925906,40614204,0.0015053,0.11622457,sell
1498925906,40614203,0.0015053,0.37170923,sell
1498925906,40614202,0.0015053,21.84824215,sell
1498925906,40614200,0.0015053,2.84977071,sell
1498925906,40614195,0.0015053,0.89105503,sell
1498925906,40614194,0.0015053,6.83439237,sell
1498925906,40614193,0.0015053,6.83142183,sell
1498925906,40614191,0.0015053,52.3742341,sell
1498925906,40614188,0.0015053,0.1162751,sell
1498925906,40614187,0.0015053,1.17970117,sell
1498925906,40614185,0.0015053,0.89144249,sell
1498925906,40614184,0.0015053,0.15387406,sell
1498925906,40614181,0.0015053,9.04437557,sell
1498925906,40614180,0.0015053,1.02214828,sell
1498925905,40614179,0.0015053,0.13332369,sell
1498925905,40614178,0.0015053,60.07960425,sell
1498925905,40614174,0.0015053,7.83647012,sell
1498925905,40614169,0.0015053,1.18005157,sell
1498925905,40614168,0.0015053,9.04706202,sell
1498925905,40614167,0.0015053,0.15391977,sell
1498925905,40614165,0.0015053,1000,sell
1498925905,40614164,0.0015053,69.36080878,sell
1498925905,40614161,0.0015053,0.37829419,sell
1498925905,40614159,0.0015053,2.90025545,sell
1498925896,40614135,0.0015053,83.80946655,sell
1498925894,40614118,0.0015053,176.5558427,sell
1498925894,40614117,0.0015053,112.7984322,sell
1498925894,40614115,0.0015053,201.1364446,sell
1498925893,40614107,0.0015053,100.6490334,sell
1498925893,40614102,0.0015053,102.0303771,sell
1498925893,40614099,0.0015053,111.2845944,sell
1498925893,40614098,0.0015053,1000,sell
1498925892,40614097,0.0015053,121.5895029,sell
1498925891,40614094,0.0015053,586.3885471,sell
1498925891,40614093,0.0015053,292.0595031,sell
1498925891,40614090,0.0015053,247.5087092,sell
1498925890,40614089,0.0015053,141.5945127,sell
1498925890,40614083,0.0015053,108.1582807,sell
1498925890,40614080,0.0015053,583.7174517,sell
1498925889,40614066,0.0015053,100.6490334,sell
1498925889,40614065,0.0015053,20.92802688,sell
1498925889,40614064,0.0015053,99.17783166,sell
1498925889,40614063,0.0015053,89.3698266,sell
1498925888,40614051,0.0015053,182.7593104,sell
1498925887,40614047,0.0015053,121.4679134,sell
1498925886,40614036,0.0015053,235.8278815,sell
1498925886,40614031,0.0015053,141.5945127,sell
1498925886,40614029,0.0015053,88.2502624,sell
1498925886,40614026,0.0015053,114.6704909,sell
1498925886,40614025,0.0015053,236.834425,sell
1498925885,40614020,0.0015053,96.34590447,sell
1498925885,40614013,0.0015053,96.23605925,sell
1498925885,40614009,0.0015053,285.7405102,sell
1498925885,40614005,0.0015053,80.74376875,sell
1498925885,40613997,0.0015053,170.8448947,sell
1498925884,40613993,0.0015053,121.4236721,sell
1498925883,40613990,0.0015053,118.0387431,sell
1498925882,40613989,0.0015053,1000,sell
1498925878,40613983,0.0015053,95.86965815,sell
1498925878,40613978,0.0015053,160.5972896,sell
1498925876,40613960,0.0015053,111.0522706,sell
1498925875,40613954,0.0015053,104.5994553,sell
1498925874,40613948,0.0015053,221.8293231,sell
1498925873,40613940,0.0015053,1000,sell
1498925873,40613936,0.0015053,131.6088022,sell
1498925873,40613934,0.0015053,154.771142,sell
1498925872,40613933,0.0015053,221.8293211,sell
1498925871,40613918,0.0015053,69.27183315,sell
1498925870,40613913,0.0015053,127.4170507,sell
1498925868,40613910,0.0015053,221.829323,sell
1498925868,40613909,0.0015053,221.829323,sell
1498925867,40613907,0.0015053,115.9950557,sell
1498925867,40613905,0.0015053,217.2924083,sell
1498925866,40613902,0.0015053,1000,sell
1498925866,40613901,0.0015022,115.9950557,buy
1498925866,40613900,0.0015021,381.9962987,buy
1498925813,40613867,0.001496,811.5517682,sell
1498925798,40613861,0.001496,1000,sell
1498925768,40613824,0.001496,63.25191335,sell
1498925768,40613823,0.0014963,4.21507304,sell
1498925766,40613819,0.001496,67.46698639,sell
1498925766,40613817,0.001496,57.72933203,sell
1498925766,40613816,0.001496,31.0828877,sell
1498925766,40613815,0.0014962,4.21507304,sell
1498925743,40613799,0.0015004,10.01001001,buy
1498925742,40613798,0.0015006,10.01001001,buy
1498925742,40613797,0.0015006,10.01001001,buy
1498925742,40613796,0.001501,10.01001001,sell
1498925532,40613603,0.0014999,70.19705744,buy
1498925503,40613582,0.001498,67.52423231,sell
1498925498,40613581,0.0015,30,sell
1498925492,40613576,0.0015,101,sell
1498925492,40613575,0.0015,500,sell
1498925492,40613574,0.0015,399,sell
1498925452,40613552,0.0015,1000,sell
1498925451,40613551,0.0015009,116.0109476,buy
1498925451,40613550,0.0015009,119.621815,buy
1498925449,40613548,0.0015011,125.8046182,buy
1498925449,40613547,0.0015011,58.93989166,buy
1498925449,40613546,0.0015011,39.09414337,buy
1498925449,40613545,0.0015011,58.93989166,buy
1498925449,40613544,0.0015011,37.10960342,buy
1498925449,40613543,0.0015011,14.74478031,buy
1498925449,40613542,0.0015011,86.58241824,buy
1498925449,40613541,0.0015011,58.88082576,buy
1498925449,40613540,0.0015011,16.36515247,buy
1498925449,40613539,0.0015011,37.1354912,buy
1498925449,40613538,0.0015011,82.25465792,buy
1498925449,40613537,0.0015012,116.0109476,sell
1498925445,40613526,0.0015017,119.5457988,sell
1498925445,40613525,0.0015017,58.93989166,sell
1498925444,40613524,0.0015017,58.93989166,buy
1498925444,40613523,0.0015017,58.93989166,buy
1498925443,40613519,0.0015017,113.9889109,buy
1498925442,40613518,0.0015017,37.03941683,buy
1498925442,40613517,0.0015017,13.38877542,buy
1498925441,40613514,0.0015016,41.55233898,sell
1498925441,40613513,0.0015016,13.38877542,sell
1498925438,40613509,0.0015039,37.03941683,buy
1498925437,40613508,0.0015016,130.1402355,buy
1498925437,40613507,0.0015016,58.93989166,buy
1498925437,40613506,0.0015016,58.93989166,buy
1498925437,40613505,0.0015016,37.1354912,buy
1498925437,40613504,0.0015016,37.16878887,buy
1498925436,40613503,0.0015016,58.93989166,buy
1498925436,40613502,0.0015016,58.93989166,buy
1498925436,40613501,0.0015016,112.3540172,buy
1498925436,40613500,0.0015016,70.93171938,buy
1498925436,40613499,0.0015016,37.1354912,buy
1498925436,40613498,0.0015016,20.77771306,buy
1498925436,40613497,0.0015016,37.1354912,buy
1498925436,40613496,0.0015016,37.1354912,buy
1498925436,40613495,0.0015016,58.93989166,buy
1498925436,40613494,0.0015016,37.03941683,buy
1498925436,40613493,0.0015016,58.93989166,sell
1498925436,40613492,0.0015016,14.74478031,sell
1498925436,40613491,0.0015016,37.03941683,sell
1498925436,40613490,0.0015016,37.62259727,sell
1498925436,40613489,0.001504,58.93989166,buy
1498925435,40613486,0.0015016,76.36631358,sell
1498925435,40613483,0.0015015,44.8557674,sell
1498925435,40613482,0.0015015,20.77771306,sell
1498925435,40613481,0.0015016,45.13431177,sell
1498925434,40613478,0.0015016,74.48750325,sell
1498925434,40613473,0.0015015,16.26170377,buy
1498925434,40613472,0.0015015,140.3086939,buy
1498925434,40613471,0.0015015,58.93989166,sell
1498925434,40613470,0.0015015,16.36515247,sell
1498925434,40613469,0.0015015,58.93989166,sell
1498925434,40613468,0.0015015,143.5290109,sell
1498925434,40613467,0.0015015,37.1354912,sell
1498925434,40613466,0.0015015,58.93989166,sell
1498925434,40613465,0.0015015,37.16878887,sell
1498925434,40613464,0.0015015,58.93989166,sell
1498925434,40613463,0.0015015,37.1354912,sell
1498925434,40613462,0.0015015,116.0109476,sell
1498925434,40613461,0.0015015,112.3540172,sell
1498925434,40613460,0.0015015,70.93171938,sell
1498925434,40613459,0.0015015,37.03941683,sell
1498925433,40613456,0.0015048,58.93989166,buy
1498925432,40613455,0.0015048,15.02459038,buy
1498925430,40613452,0.001505,37.03941683,sell
1498925429,40613451,0.0015049,37.03941683,buy
1498925429,40613450,0.0015049,37.03941683,buy
1498925429,40613449,0.0015049,37.03941683,buy
1498925429,40613448,0.0015049,4.47405291,buy
1498925428,40613446,0.0015049,58.93989166,buy
1498925428,40613445,0.0015049,37.03941683,buy
1498925427,40613444,0.001505,58.93989166,buy
1498925427,40613442,0.001505,58.93989166,buy
1498925426,40613437,0.0015061,58.93989166,sell
1498925426,40613436,0.0015061,37.03941683,sell
1498925421,40613405,0.001506,54.46583875,buy
1498925420,40613403,0.001506,58.93989166,buy
1498925414,40613393,0.0015069,58.93989166,buy
1498925413,40613392,0.001506,58.93989166,buy
1498925413,40613390,0.001506,37.17249381,buy
1498925408,40613383,0.0015079,157.8797833,buy
1498925408,40613382,0.0015079,882.1202167,buy
1498925407,40613376,0.0015079,58.93989166,buy
1498925406,40613373,0.0015079,58.93989166,buy
1498925402,40613363,0.001508,250,buy
1498925401,40613362,0.0015008,17.97008922,sell
1498925401,40613361,0.0015008,112.3540172,sell
1498925400,40613360,0.0015089,67.50085601,buy
1498925393,40613341,0.0015103,58.93989166,buy
1498925393,40613340,0.0015103,4.43146217,buy
1498925393,40613339,0.0015103,83.4836786,buy
1498925392,40613338,0.0015103,88.00836621,buy
1498925392,40613336,0.0015103,68.31964823,buy
1498925386,40613300,0.0015103,7.76333933,sell
1498925380,40613269,0.0015103,71.69125885,sell
1498925374,40613251,0.0015103,8.32899113,sell
1498925374,40613250,0.0015102,7.76333933,buy
1498925374,40613244,0.0015149,1.50465833,buy
1498925374,40613243,0.0015139,63.21595773,buy
1498925374,40613242,0.0015139,16.28076668,buy
1498925372,40613235,0.0015139,78.19237015,buy
1498925372,40613233,0.0015101,2.59233658,sell
1498925372,40613230,0.0015101,35.51599924,sell
1498925372,40613229,0.0015102,58.93989166,sell
1498925372,40613227,0.0015102,38.38543977,sell
1498925372,40613226,0.0015102,6.13447852,sell
1498925372,40613225,0.0015102,80.96599494,sell
1498925370,40613214,0.0015102,1.94272354,sell
1498925370,40613207,0.0015149,1.67748969,sell
1498925368,40613198,0.0015149,38.31192807,sell
1498925368,40613197,0.0015149,38.20295239,sell
1498925363,40613178,0.0015101,6.25587808,sell
1498925363,40613177,0.0015101,1.17857988,sell
1498925363,40613176,0.0015101,16.36515247,sell
1498925363,40613175,0.0015101,9.03577906,sell
1498925363,40613174,0.0015101,2.13458511,sell
1498925363,40613171,0.001514,0.15372781,buy
1498925362,40613166,0.0015101,0.95553635,sell
1498925361,40613165,0.0015101,8.39195049,sell
1498925361,40613164,0.0015101,7.32577863,sell
1498925360,40613162,0.0015101,1.26435499,sell
1498925360,40613161,0.0015101,87.91514077,sell
1498925360,40613160,0.0015101,68.31964823,sell
1498925360,40613159,0.0015101,67.50085601,sell
1498925359,40613158,0.0015101,0.12463517,sell
1498925359,40613157,0.0015178,0.15372781,sell
1498925357,40613126,0.0015149,0.01498448,sell
1498925357,40613125,0.001515,9.05654341,sell
1498925356,40613122,0.001517,72.84922757,buy
1498925356,40613120,0.001515,69.13582674,sell
1498925355,40613104,0.0015177,66.21099977,buy
1498925355,40613103,0.0015177,43.71649625,buy
1498925355,40613098,0.0015177,11.17112667,buy
1498925355,40613097,0.0015177,63.21595773,buy
1498925355,40613082,0.0015177,26.1301848,sell
1498925354,40613074,0.0015177,54.87119794,sell
1498925354,40613067,0.0015177,17.95825637,sell
1498925354,40613066,0.0015178,78.19237015,sell
1498925353,40613062,0.0015177,25.79019225,sell
1498925353,40613061,0.0015177,74.3870844,sell
1498925353,40613060,0.0015177,58.93989166,sell
1498925115,40612687,0.001525,1307,buy
1498925067,40612656,0.001525,13114.75315,buy
1498924953,40612584,0.001525,65.57377049,buy
1498924916,40612460,0.001524,1.99,buy
1498924649,40612150,0.001524,550,buy
1498924609,40612078,0.001524,10.85846798,sell
1498924609,40612077,0.001524,9764.306032,sell
1498924609,40612076,0.001524,235.98,sell
1498924608,40612075,0.001524,7865.1753,buy
1498924608,40612074,0.001524,12123.6802,buy
1498924587,40612056,0.001524,646.4508689,sell
1498924587,40612055,0.001524,636.8964362,sell
1498924587,40612054,0.001524,2500,sell
1498924587,40612053,0.001524,1292.643938,sell
1498924587,40612051,0.001524,2500,sell
1498924586,40612047,0.001524,2500,sell
1498924586,40612046,0.001524,2500,sell
1498924586,40612045,0.001524,596.7029029,sell
1498924585,40612022,0.001524,1287.082273,sell
1498924585,40612021,0.001524,15327.76178,sell
1498924584,40612020,0.001524,8088.2971,buy
1498924584,40612019,0.001524,12124.1647,buy
1498924573,40612011,0.001524,50.76808274,sell
1498924572,40612000,0.001524,28425.10612,sell
1498924572,40611999,0.001524,8609.439,buy
1498924572,40611998,0.001524,12914.6868,buy
1498924535,40611942,0.0015149,35.67846855,sell
1498924533,40611938,0.0015149,1152.077903,sell
1498924533,40611937,0.0015152,58.93989166,sell
1498924533,40611936,0.0015153,35.55303283,sell
1498924532,40611933,0.0015149,58.89437068,sell
1498924532,40611932,0.001515,0.18024318,sell
1498924532,40611931,0.0015151,35.55303283,sell
1498924530,40611921,0.0015151,0.14040657,sell
1498924530,40611920,0.0015151,58.93989166,sell
1498924530,40611919,0.0015151,35.55303283,sell
1498924488,40611859,0.001515,499.8197568,sell
1498924401,40611762,0.00152,58.93989166,buy
1498924400,40611761,0.0015211,35.8941617,buy
1498924399,40611758,0.0015211,58.86916314,sell
1498924398,40611757,0.001521,0.92767074,sell
1498924397,40611753,0.001521,1029.072329,sell
1498924182,40611438,0.001521,2225.2276,sell
1498924182,40611437,0.001521,12850.10411,sell
1498924182,40611436,0.001521,2500,sell
1498924172,40611416,0.001521,5.03989999,sell
1498924168,40611402,0.001521,388.2871444,sell
1498924167,40611398,0.001521,106.9536781,sell
1498924167,40611396,0.001521,106.9536781,sell
1498924167,40611393,0.001521,106.9536781,sell
1498924166,40611392,0.001521,106.9536781,sell
1498924166,40611391,0.001521,3102.420727,buy
1498924166,40611390,0.0015209,5664.984635,buy
1498924166,40611389,0.0015209,1024.742557,buy
1498924166,40611388,0.00152,1499.681588,buy
1498924166,40611387,0.0015199,106.9536812,buy
1498924166,40611386,0.0015198,204.7433473,buy
1498924131,40611281,0.0015209,74.60503988,sell
1498924131,40611275,0.0015209,602.4241693,sell
1498924131,40611274,0.0015209,2500,sell
1498924129,40611270,0.0015209,351.73036,sell
1498924129,40611269,0.0015209,484.147551,sell
1498924129,40611268,0.0015209,9887.044891,sell
1498924129,40611267,0.0015209,2500,sell
1498924128,40611265,0.0015209,106.9536833,sell
1498924128,40611263,0.0015209,35.657356,sell
1498924127,40611256,0.0015209,153.207289,sell
1498924127,40611252,0.0015209,5254.620761,sell
1498924127,40611251,0.0015209,106.9536787,sell
1498924125,40611235,0.0015209,106.9536787,sell
1498924125,40611230,0.0015209,4309.587767,sell
1498924120,40611131,0.0015209,462.570266,sell
1498924120,40611130,0.0015209,540.5950054,sell
1498924118,40611111,0.0015209,1253.291648,sell
1498924113,40611098,0.0015209,199.785006,sell
1498924110,40611065,0.0015209,602.860216,sell
1498924109,40611062,0.0015209,1766.520238,sell
1498924109,40611059,0.0015209,540.595006,sell
1498924108,40611056,0.0015209,603.3701758,sell
1498924108,40611053,0.0015209,213.518662,sell
1498924107,40611050,0.0015209,3961.340305,sell
1498924106,40611043,0.0015209,2973.330893,sell
1498924106,40611037,0.0015209,427.037324,sell
1498924105,40611036,0.0015209,4592.92398,sell
1498924104,40611026,0.0015209,5183.056814,sell
1498924104,40611025,0.001521,2175.699361,sell
1498924103,40611016,0.001521,2500,sell
1498924103,40611013,0.001521,4095.044447,sell
1498924103,40611012,0.001521,2500,sell
1498924102,40611009,0.001521,2500,sell
1498924102,40611007,0.001521,65.66501987,sell
1498924102,40611005,0.001521,2500,sell
1498924102,40611003,0.001521,2500,sell
1498924102,40611001,0.001521,2500,sell
1498924102,40610998,0.001521,2500,sell
1498924101,40610997,0.001521,2500,sell
1498924101,40610996,0.001521,2500,sell
1498924095,40610972,0.001521,1024.742557,sell
1498924095,40610971,0.001521,4523.573142,sell
1498924095,40610964,0.001521,3493.69628,sell
1498924093,40610951,0.001521,5818.008695,sell
1498924092,40610940,0.001521,1268.421004,sell
1498924091,40610927,0.001521,755.4451333,sell
1498924091,40610925,0.001521,1498.000573,sell
1498924090,40610921,0.001521,1268.421004,sell
1498924090,40610919,0.001521,758.024276,sell
1498924081,40610884,0.001521,755.258508,sell
1498924047,40610804,0.0015209,205.3182359,sell
1498924047,40610803,0.0015218,36.85520631,buy
1498924047,40610802,0.0015218,58.93989166,buy
1498924047,40610801,0.0015218,58.93989166,buy
1498924047,40610800,0.0015218,10.92610652,buy
1498924047,40610799,0.0015217,48.01378514,buy
1498924047,40610798,0.0015217,58.93989166,buy
1498924044,40610794,0.0015211,10.978,sell
1498924043,40610792,0.0015214,58.93989166,buy
1498924043,40610791,0.0015232,58.93989166,sell
1498924042,40610790,0.0015219,37.03572527,buy
1498924042,40610789,0.001522,58.93989166,buy
1498924042,40610788,0.0015216,37.03572527,buy
1498924042,40610787,0.0015216,58.43863948,buy
1498923940,40610685,0.0015248,212.4859044,buy
1498923931,40610656,0.001523,250.3774533,buy
1498923926,40610651,0.001515,49.2173359,buy
1498923925,40610650,0.001515,83.21536815,buy
1498923925,40610649,0.001515,71.58802247,buy
1498923907,40610617,0.001515,277.4624809,buy
1498923865,40610545,0.001515,37.16878887,buy
1498923865,40610544,0.001515,37.16878887,buy
1498923864,40610543,0.001515,58.93989166,buy
1498923864,40610541,0.001515,58.93989166,buy
1498923864,40610540,0.001515,58.93989166,buy
1498923864,40610539,0.001515,58.93989166,buy
1498923864,40610538,0.001515,37.1354912,buy
1498923864,40610537,0.001515,37.16878887,buy
1498923864,40610536,0.001515,37.16878887,buy
1498923864,40610535,0.001515,37.16878887,buy
1498923864,40610534,0.001515,37.16878887,buy
1498923864,40610533,0.001515,37.17249381,buy
1498923864,40610532,0.001515,58.93989166,buy
1498923864,40610531,0.001515,37.16878887,buy
1498923864,40610530,0.001515,37.16509061,buy
1498923864,40610529,0.001515,58.93989166,buy
1498923864,40610528,0.001515,58.93989166,buy
1498923863,40610527,0.001515,37.17249381,buy
1498923863,40610526,0.001515,37.16878887,buy
1498923863,40610525,0.001515,37.16878887,buy
1498923863,40610524,0.001515,37.16878887,buy
1498923863,40610523,0.001515,37.16878887,buy
1498923863,40610522,0.001515,37.16878887,buy
1498923863,40610521,0.001515,37.16878887,buy
1498923863,40610520,0.001515,37.16878887,buy
1498923863,40610519,0.001515,37.16878887,buy
1498923863,40610518,0.001515,37.16509124,buy
1498923863,40610517,0.001515,37.16509061,buy
1498923863,40610516,0.001515,37.16509061,buy
1498923863,40610515,0.001515,37.16139236,buy
1498923863,40610514,0.001515,37.16509061,buy
1498923863,40610513,0.001515,37.15768742,buy
1498923863,40610512,0.001515,37.1354912,buy
1498923863,40610511,0.001515,37.1354912,buy
1498923863,40610510,0.001515,37.1354912,buy
1498923863,40610509,0.001515,58.93989166,buy
1498923863,40610508,0.001515,58.93989166,buy
1498923863,40610507,0.001515,58.93989166,buy
1498923863,40610506,0.001515,58.93989166,buy
1498923863,40610505,0.001515,58.93989166,buy
1498923863,40610504,0.001515,58.93989166,buy
1498923863,40610503,0.001515,58.93989166,buy
1498923863,40610502,0.001515,58.93989166,buy
1498923863,40610501,0.001515,58.93989166,buy
1498923863,40610500,0.001515,58.93989166,buy
1498923863,40610499,0.001515,58.93989166,buy
1498923863,40610498,0.001515,58.93989166,buy
1498923863,40610497,0.001515,58.93989166,buy
1498923863,40610496,0.001515,58.93989166,buy
1498923863,40610495,0.001515,58.93989166,buy
1498923863,40610494,0.001515,58.93989166,buy
1498923863,40610493,0.001515,58.93989166,buy
1498923863,40610492,0.001515,58.93989166,buy
1498923863,40610491,0.001515,58.93989166,buy
1498923863,40610490,0.001515,58.93989166,buy
1498923863,40610489,0.001515,58.93989166,buy
1498923863,40610488,0.001515,58.93989166,buy
1498923863,40610487,0.001515,58.93989166,buy
1498923863,40610486,0.001515,58.93989166,buy
1498923863,40610485,0.001515,58.93989166,buy
1498923863,40610484,0.001515,58.93989166,buy
1498923863,40610483,0.001515,37.16878887,buy
1498923858,40610481,0.0015149,220.4848895,buy
1498923676,40610335,0.0015149,212.0720129,buy
1498923659,40610321,0.001515,238.872423,buy
1498923651,40610320,0.001515,238.8681016,buy
1498923591,40610296,0.001515,225.5960257,buy
1498923557,40610265,0.001515,238.4593564,buy
1498923520,40610230,0.0015092,8.49363339,sell
1498923520,40610229,0.0015092,37.16878887,sell
1498923520,40610228,0.0015092,37.16878887,sell
1498923520,40610227,0.0015092,37.16878887,sell
1498923410,40610156,0.001515,8.97235333,buy
1498923382,40610146,0.00151,49.96753833,buy
1498923382,40610145,0.00151,37.17619206,buy
1498923382,40610144,0.00151,37.17249381,buy
1498923382,40610143,0.00151,37.17619206,buy
1498923382,40610142,0.00151,58.93989166,buy
1498923380,40610130,0.00151,58.93989166,buy
1498923380,40610129,0.00151,37.19840834,buy
1498923380,40610128,0.00151,37.19840834,buy
1498923380,40610127,0.00151,58.93989166,buy
1498923378,40610120,0.0015099,251.4412918,buy
1498923313,40610062,0.00151,37.29109208,buy
1498923294,40610042,0.0015099,37.3653648,buy
1498923293,40610039,0.0015099,58.93989166,buy
1498922979,40609658,0.0014968,5.00200197,buy
1498922979,40609657,0.0014968,37.07241448,buy
1498922978,40609642,0.0014968,19.60993612,buy
1498922976,40609640,0.0014967,39.32995554,buy
1498922975,40609637,0.0014967,37.06896274,buy
1498922975,40609634,0.0014967,37.07265431,buy
1498922975,40609630,0.0014967,58.93989166,buy
1498922975,40609629,0.0014967,37.00303334,buy
1498922975,40609628,0.0014967,16.01418453,buy
1498922975,40609627,0.0014954,42.87057666,buy
1498922966,40609607,0.0014954,49.48967583,buy
1498922965,40609606,0.0014924,9.45021583,buy
1498922965,40609604,0.0014953,1.91777569,sell
1498922965,40609603,0.0014953,58.93989166,sell
1498922965,40609602,0.0014953,58.97144195,sell
1498922964,40609600,0.0014954,37.04849384,buy
1498922964,40609599,0.0014954,58.93989166,buy
1498922964,40609598,0.0014954,37.08004413,buy
1498922963,40609587,0.0014945,0.03155029,buy
1498922963,40609586,0.0014945,58.93989166,buy
1498922963,40609584,0.0014945,58.97144195,buy
1498922963,40609582,0.0014945,12.42693833,buy
1498922963,40609577,0.0014945,58.97144195,buy
1498922963,40609576,0.0014945,36.08741794,buy
1498922963,40609575,0.0014945,22.88402401,buy
1498922963,40609574,0.0014945,58.97144195,buy
1498922963,40609572,0.0014945,58.97144195,buy
1498922963,40609571,0.0014945,58.97144195,buy
1498922963,40609570,0.0014945,25.63033226,buy
1498922963,40609569,0.0014945,33.34110969,buy
1498922963,40609564,0.0014945,37.07634588,buy
1498922962,40609562,0.0014945,58.93989166,buy
1498922962,40609558,0.0014945,37.09989294,buy
1498922962,40609556,0.0014945,58.97144195,buy
1498922940,40609536,0.0014938,36.84806533,buy
1498922940,40609533,0.0014938,50.5609687,buy
1498922940,40609532,0.0014938,8.43810748,buy
1498922939,40609528,0.0014938,36.84806533,buy
1498922939,40609523,0.0014938,58.99907618,buy
1498922939,40609521,0.0014938,36.84806533,buy
1498922939,40609519,0.0014938,58.99907618,buy
1498922938,40609513,0.0014938,25.29629162,buy
1498922938,40609512,0.0014938,11.55177371,buy
1498922938,40609511,0.0014938,58.99907618,buy
1498922938,40609508,0.001493,59.03068988,buy
1498922937,40609506,0.001493,11.52016085,buy
1498922937,40609503,0.001493,59.03068988,buy
1498922937,40609499,0.001493,36.84806533,buy
1498922937,40609498,0.001493,58.99907618,buy
1498922937,40609497,0.0014925,33.43218362,buy
1498922935,40609489,0.0014925,58.99907618,buy
1498922935,40609488,0.0014925,36.84806533,buy
1498922916,40609466,0.0014938,36.84806533,buy
1498922916,40609461,0.0014938,58.99907618,buy
1498922911,40609436,0.0014938,59.03069072,buy
1498922911,40609430,0.001493,30.21952254,buy
1498922911,40609428,0.001493,36.85925241,buy
1498922910,40609426,0.001493,36.83221031,buy
1498922910,40609422,0.001493,59.03068988,buy
1498922910,40609417,0.001493,59.03069072,buy
1498922910,40609416,0.001493,3.45631626,buy
1498922910,40609415,0.001493,33.40293615,buy
1498922909,40609413,0.001493,95.87638898,buy
1498922909,40609412,0.0014924,33.63361102,buy
1498922909,40609408,0.0014924,36.84573342,buy
1498922909,40609407,0.0014924,59.03068988,buy
1498922909,40609404,0.0014924,36.8642254,buy
1498922908,40609402,0.0014924,59.0544224,buy
1498922865,40609345,0.0014929,87.43695177,buy
1498922865,40609344,0.0014929,108.7178633,buy
1498922861,40609328,0.0014927,184.7499953,buy
1498922839,40609298,0.001493,59.03068988,buy
1498922839,40609297,0.001493,37.11866711,buy
1498922239,40608139,0.00149,191.1400786,sell
1498922239,40608138,0.00149,2,sell
1498922042,40607820,0.00151,3529.787106,sell
1498922042,40607819,0.00151,86.81049369,sell
1498922042,40607817,0.00151,86.87853289,sell
1498922042,40607815,0.00151,1300.332883,sell
1498922042,40607812,0.00151,996.1909848,sell
1498921222,40607142,0.0015129,0.27291955,sell
1498921222,40607141,0.0015129,2.28794369,sell
1498921213,40607133,0.001505,289,buy
1498921083,40607007,0.0014865,0.40475294,sell
1498921082,40607002,0.0014999,169.2401627,sell
1498921080,40606998,0.0014999,317.5741649,sell
1498921079,40606992,0.0014999,317.5741649,sell
1498921078,40606989,0.0014999,317.5741649,sell
1498921077,40606984,0.0014999,317.5741649,sell
1498921075,40606978,0.0014999,233.7597973,sell
1498921074,40606975,0.0014999,317.5741649,sell
1498921071,40606971,0.0014999,87.1766992,sell
1498921070,40606968,0.0014999,317.5741649,sell
1498921067,40606959,0.0015,83.8087789,sell
1498921067,40606955,0.0015,317.5529933,sell
1498921057,40606942,0.0015,87.15102555,sell
1498921050,40606932,0.0015,66.94498056,sell
1498921044,40606919,0.0015,87.09967824,sell
1498921043,40606913,0.0015,82.44254342,sell
1498921042,40606910,0.001502,87.15401404,sell
1498921042,40606909,0.001502,317.0967966,sell
1498921042,40606904,0.001502,317.308468,sell
1498921042,40606902,0.001502,23.90879605,sell
1498921042,40606901,0.001502,317.299154,sell
1498921040,40606829,0.00152,40.06725,sell
1498921039,40606803,0.00152,5,sell
1498920852,40606640,0.001525,925.2583344,buy
1498920827,40606576,0.001525,1.001001,buy
1498920816,40606560,0.001525,200.2002002,buy
1498920812,40606553,0.001525,2.02377275,buy
1498920811,40606546,0.001525,200.171607,buy
1498920811,40606543,0.001525,200,buy
1498920811,40606535,0.001525,200.2002002,buy
1498920805,40606527,0.001525,1000,buy
1498920794,40606521,0.0015083,169.3738778,sell
1498920775,40606499,0.001525,244.4551927,buy
1498920751,40606480,0.001525,94.8759884,buy
1498920742,40606468,0.001525,12.03959527,buy
1498920742,40606467,0.001523,0.03324867,buy
1498920738,40606464,0.001523,12.95103995,buy
1498920738,40606463,0.00152,5,buy
1498920704,40606406,0.001519,52.6418894,buy
1498920704,40606405,0.001519,244.4551927,buy
1498920646,40606253,0.001519,11.40589289,buy
1498920607,40606126,0.001519,244.4551927,buy
1498920070,40605136,0.001521,85.48423405,buy
1498920068,40605123,0.001522,80.78506698,buy
1498920043,40604997,0.001525,74.26883016,buy
1498920041,40604987,0.0015248,85.3620918,buy
1498920041,40604986,0.0015248,85.41810367,buy
1498920041,40604984,0.0015248,85.3732883,buy
1498920041,40604979,0.0015248,80.56179994,buy
1498920040,40604970,0.001524,85.4741891,buy
1498920040,40604965,0.001524,85.41810367,buy
1498920039,40604957,0.001523,85.41810367,buy
1498920038,40604953,0.001523,80.56183308,buy
1498920038,40604946,0.001523,80.56183308,buy
1498920036,40604939,0.001523,85.45845042,buy
1498920036,40604936,0.001523,80.56183308,buy
1498920035,40604927,0.001523,6.56254101,buy
1498919780,40604717,0.001525,1300,buy
1498919499,40604502,0.001524,4551.560979,buy
1498919499,40604499,0.001524,244.4551927,buy
1498919469,40604481,0.001525,1086.740385,buy
1498919469,40604480,0.001524,213.2596147,buy
1498919427,40604460,0.001524,244.4551927,buy
1498919427,40604456,0.001524,64.46519267,buy
1498919427,40604455,0.001524,20,buy
1498919427,40604454,0.0015235,150,buy
1498919427,40604453,0.001523,9.99,buy
1498919315,40604404,0.001522,445.3616501,buy
1498919232,40604343,0.001522,235.5143962,buy
1498919229,40604331,0.001522,445.3616501,buy
1498919103,40604190,0.0015229,159.6147967,sell
1498919097,40604171,0.0015229,159.6147967,sell
1498919096,40604166,0.0015229,2.36745682,sell
1498919095,40604165,0.0015229,0.1998,sell
1498919095,40604163,0.0015229,0.1998,sell
1498919094,40604160,0.0015229,159.6147967,sell
1498919089,40604152,0.0015229,159.6147967,buy
1498918897,40603910,0.00151,178.0729071,buy
1498918892,40603897,0.00151,99.8998999,buy
1498918858,40603843,0.00151,121.1652384,buy
1498918778,40603654,0.00151,0.2002002,buy
1498918778,40603653,0.00151,0.2002002,buy
1498918778,40603651,0.00151,0.1001001,buy
1498918777,40603649,0.00151,0.1001001,buy
1498918732,40603608,0.00151,179.8065389,buy
1498918725,40603604,0.00151,180.1801802,buy
1498918723,40603594,0.00151,180.2920617,buy
1498918642,40603540,0.0015078,100,sell
1498918347,40603149,0.0015125,128.5114439,buy
1498918335,40603137,0.0015125,139.4783339,buy
1498918318,40603111,0.0015125,141.2009587,buy
1498918308,40603086,0.0015125,249.2697067,buy
1498918287,40603046,0.0015125,19.23575537,buy
1498918130,40602841,0.00151,103.4740481,buy
1498918122,40602817,0.0015,341.887602,buy
1498918118,40602802,0.0015,328.4446433,buy
1498918118,40602801,0.0015,14.55535673,buy
1498918105,40602774,0.0015,351.3030617,buy
1498918102,40602766,0.0015,503.1445867,buy
1498918102,40602764,0.0015,94.06434,buy
1498918082,40602750,0.0015,238.9389389,buy
1498918082,40602749,0.0015,238.7,buy
1498918081,40602746,0.0015,119.4584413,buy
1498918081,40602742,0.0015,119.4584413,buy
1498918080,40602740,0.0015,3,buy
1498918079,40602737,0.0015,445.3616501,buy
1498918079,40602735,0.0015,249.2697067,buy
1498918064,40602715,0.0015,113.93012,buy
1498918057,40602699,0.0015,20,buy
1498918041,40602686,0.0015,119.3389828,buy
1498918041,40602685,0.0015,97.73438565,buy
1498918038,40602674,0.0015,97.73438565,buy
1498918037,40602672,0.0015,97.73438565,buy
1498918036,40602665,0.0015,249.2697067,buy
1498918028,40602661,0.0015,503.1445867,buy
1498918028,40602660,0.0015,142.72914,buy
1498918026,40602654,0.0015,97.83222,buy
1498918026,40602652,0.0015,141.3558267,buy
1498918021,40602637,0.0015,100,buy
1498918003,40602619,0.0015,97.73438565,buy
1498918003,40602616,0.0015,503.1445867,buy
1498917963,40602574,0.0015,97.63665126,buy
1498917957,40602566,0.0015,503.1445867,buy
1498917951,40602563,0.0015,503.1445867,buy
1498917951,40602559,0.0015,140.9099933,buy
1498917948,40602557,0.0015,49.816,buy
1498917946,40602552,0.0015,503.1445867,buy
1498917919,40602528,0.0015,445.3616501,buy
1498917605,40602128,0.0015,275.2072564,buy
1498917591,40602073,0.0015,140,buy
1498917580,40602015,0.0015,9.23184,buy
1498917385,40601687,0.0015,141.36128,buy
1498917366,40601654,0.0015,445.3616501,buy
1498917348,40601615,0.0015,141.3776467,buy
1498917329,40601609,0.0015,668.0424752,buy
1498917326,40601602,0.0015,79.07232666,buy
1498917291,40601566,0.0015,141.4213067,buy
1498917285,40601555,0.0015,199.2684837,buy
1498917282,40601547,0.0015,251.1819667,buy
1498917275,40601538,0.0015,100.1001001,buy
1498917245,40601488,0.0015,100.1001001,buy
1498917242,40601476,0.0015,81.67684036,buy
1498917234,40601460,0.0015,140.9059535,buy
1498917233,40601453,0.0015,141.1379926,buy
1498917223,40601432,0.0015,141.36128,buy
1498917191,40601367,0.0015,161.6644667,buy
1498917174,40601338,0.0015,88.57825333,buy
1498917173,40601336,0.0015,161.6644651,buy
1498917162,40601326,0.0015,71.70430847,buy
1498917162,40601324,0.0015,233.3687733,buy
1498917154,40601319,0.0015,250.24272,buy
1498917143,40601305,0.0015,246.7244933,buy
1498917141,40601299,0.0015,250.24272,buy
1498917137,40601290,0.0015,140.7537007,buy
1498917135,40601289,0.0015,141.38856,buy
1498917128,40601268,0.0015,79.07232666,buy
1498917128,40601266,0.0015,246.4777667,buy
1498917128,40601264,0.0015,246.4777667,buy
1498917126,40601257,0.0015,140.7536922,buy
1498917123,40601251,0.0015,139.822039,buy
1498917123,40601249,0.0015,199.1449667,buy
1498917123,40601246,0.0015,165.65298,buy
1498917123,40601245,0.0015,502.6242302,buy
1498917121,40601242,0.0015,1277.017033,buy
1498917120,40601237,0.0015,1279.546292,buy
1498917119,40601228,0.0015,141.1108133,buy
1498917117,40601222,0.0015,140.7537213,buy
1498917115,40601216,0.0015,250.24272,buy
1498917108,40601189,0.0015,140.7536761,buy
1498917103,40601179,0.0015,140.8991533,buy
1498917094,40601154,0.0015,140.893731,buy
1498917091,40601146,0.0015,0.61580762,buy
1498917088,40601133,0.0015,114.754551,buy
1498917088,40601131,0.0015,445.3616501,buy
1498917086,40601129,0.0015,140.8828977,buy
1498917085,40601125,0.0015,140.4378467,buy
1498917081,40601112,0.0015,266.4445266,buy
1498917080,40601108,0.0015,199.1449667,buy
1498917077,40601102,0.0015,82.3972761,buy
1498917071,40601096,0.0015,199.1449667,buy
1498917070,40601093,0.0015,60,buy
1498917070,40601092,0.0015,114.6398,buy
1498917067,40601089,0.0015,140.8287377,buy
1498917064,40601078,0.0015,59.23713112,buy
1498917062,40601055,0.0015,249.4625067,buy
1498917062,40601052,0.0015,245.461004,buy
1498917060,40601046,0.0015,140.839571,buy
1498917050,40601025,0.0015,249.3939,buy
1498917047,40601020,0.0015,140.5963443,buy
1498917040,40601006,0.0015,140.65572,buy
1498917036,40601000,0.0015,246.6117447,buy
1498917034,40600988,0.0015,140.6773267,buy
1498917031,40600984,0.0015,249.0918533,buy
1498917026,40600958,0.0015,246.6117467,buy
1498917017,40600947,0.0015,246.3651333,buy
1498917010,40600939,0.0015,140.5639733,buy
1498917009,40600927,0.0015,164.3266955,buy
1498917002,40600909,0.0015,3.31932,buy
1498916963,40600813,0.0015,206.2425735,buy
1498916928,40600711,0.0015,248.4146333,buy
1498916926,40600708,0.0015,800,buy
1498916925,40600706,0.0015,248.8804267,buy
1498916925,40600704,0.0015,249.0155533,buy
1498916921,40600698,0.0015,248.4146333,buy
1498916910,40600691,0.0015,248.4146333,buy
1498916905,40600686,0.0015,248.50582,buy
1498916902,40600683,0.0015,248.4146333,buy
1498916898,40600678,0.0015,248.6315467,buy
1498916897,40600674,0.0015,248.76654,buy
1498916886,40600662,0.0015,248.4146333,buy
1498916886,40600661,0.0015,139.8236267,buy
1498916878,40600649,0.0015,248.4146333,buy
1498916870,40600634,0.0015,248.4146354,buy
1498916866,40600629,0.0015,172.2267087,buy
1498916824,40600580,0.0015,139.9090667,buy
1498916807,40600535,0.0015,181.5018033,buy
1498916807,40600534,0.0015,74.86030794,buy
1498916807,40600530,0.0015,97.5332681,buy
1498916807,40600526,0.0015,97.35770821,buy
1498916806,40600521,0.0015,754.71688,buy
1498916806,40600520,0.0015,216.6358337,buy
1498916803,40600516,0.0015,247.9270847,buy
1498916798,40600502,0.0015,92.60545333,buy
1498916793,40600480,0.0015,248.2997933,buy
1498916790,40600460,0.0015,129.83042,buy
1498916781,40600453,0.0015,107.5651288,buy
1498916778,40600445,0.0015,173.5010933,buy
1498916774,40600441,0.0015,445.3616501,buy
1498916773,40600439,0.0015,904.5931653,buy
1498916726,40600399,0.0015,190.4244429,buy
1498916720,40600396,0.0015,85.53378539,buy
1498916719,40600394,0.0015,190.4244429,buy
1498916691,40600366,0.0014997,190.4244429,buy
1498916681,40600356,0.0014944,30,sell
1498916678,40600348,0.0015,189.9616477,buy
1498916678,40600347,0.0014997,88.72763683,buy
1498916663,40600320,0.0014997,139.3834567,buy
1498916652,40600302,0.0014997,32.00640128,buy
1498916605,40600139,0.0015,900,buy
1498916485,40600055,0.0015,1000,buy
1498916205,40599905,0.0014996,1.20141367,buy
1498916179,40599873,0.0014923,86.09175171,buy
1498916177,40599870,0.0014923,0.19,buy
1498916171,40599864,0.0014924,505.7068346,sell
1498916166,40599857,0.0014999,93.99,buy
1498916073,40599729,0.0014999,292.1997466,sell
1498915692,40599484,0.0015,200.2,buy
1498915590,40599344,0.0015,401.6416416,buy
1498915540,40599291,0.0014999,20,buy
1498915396,40599195,0.0014994,0.0229092,sell
1498915363,40599168,0.0014994,62.9770908,sell
1498915120,40599053,0.0014996,10,buy
1498915119,40599051,0.0015,10,buy
1498915117,40599050,0.0014998,10,buy
1498915115,40599049,0.0014997,10,buy
1498915114,40599048,0.0014999,10,buy
1498915112,40599047,0.0014999,10,buy
1498915111,40599046,0.0014998,10,buy
1498915109,40599045,0.0014998,10,buy
1498915106,40599044,0.0014999,10,buy
1498915065,40599025,0.0014988,70,buy
1498914994,40598972,0.0014999,145,buy
1498914978,40598943,0.0014997,78.7,buy
1498914962,40598917,0.0015,8903.833712,buy
1498914962,40598916,0.0014999,444.9162885,buy
1498914644,40598751,0.0015,780,buy
1498914457,40598667,0.0015,60,buy
1498914385,40598559,0.0015,50,buy
1498914116,40598293,0.0014997,150,buy
1498914092,40598266,0.0014999,0.2,buy
1498914028,40598212,0.001493,399.4616501,buy
1498913969,40598143,0.0014896,45.9,buy
1498913966,40598141,0.0014896,9.5,buy
1498913934,40598108,0.001489,445.3616501,buy
1498913930,40598100,0.0014896,10,buy
1498913920,40598085,0.0014896,10,buy
1498913911,40598069,0.0014877,9.4487395,sell
1498913910,40598068,0.0014877,9.4487395,sell
1498913909,40598067,0.0014877,9.4487395,sell
1498913904,40598056,0.001479,75.93787018,sell
1498913896,40598032,0.0014878,4.9,buy
1498913885,40598024,0.0014878,0.1,buy
1498913869,40598008,0.0014761,206.5075621,sell
1498913712,40597779,0.001476,7.38241403,buy
1498913398,40597543,0.0014701,35.7437695,sell
1498913398,40597542,0.0014701,7.38241403,sell
1498913395,40597538,0.001471,1.55317789,buy
1498913393,40597537,0.001471,75.4,sell
1498913393,40597536,0.0014735,1.55317789,sell
1498913393,40597535,0.0014735,7.38241403,sell
1498913371,40597499,0.0014734,1.55317789,sell
1498913290,40597446,0.001471,53.60356588,sell
1498913290,40597445,0.001471,1.50608621,sell
1498913288,40597442,0.0014702,1.55317788,buy
1498913285,40597437,0.001471,82.39273429,sell
1498913283,40597435,0.001478,53.20878213,sell
1498913281,40597432,0.001478,1.48032506,sell
1498913279,40597417,0.001478,74.32584048,sell
1498913277,40597415,0.001478,61.91758853,sell
1498913275,40597412,0.001478,1.49661532,sell
1498913273,40597409,0.001478,75.13908598,sell
1498913271,40597405,0.001478,61.66412489,sell
1498913270,40597402,0.001479,122.5560443,sell
1498913268,40597398,0.001479,1.50608621,sell
1498913266,40597392,0.001479,75.93786953,sell
1498913245,40597369,0.0014875,9.4487395,sell
1498913092,40597300,0.001491,2845.212649,sell
1498913092,40597299,0.001491,526.198324,sell
1498912905,40597195,0.0014791,200,sell
1498912616,40596981,0.00149,214.1200784,buy
1498912294,40596794,0.001493,300,buy
1498912158,40596748,0.001493,150,buy
1498912097,40596716,0.001495,50,buy
1498911835,40596590,0.001496,2.64698529,buy
1498911437,40596357,0.00149,6693.440428,buy
1498911380,40596304,0.00149,45.7075,buy
1498911229,40596241,0.001493,3.00320121,buy
1498910973,40596115,0.001499,1,buy
1498910538,40595791,0.0015,33.2471828,buy
1498910538,40595790,0.0014998,49.53836862,buy
1498910532,40595775,0.0014999,82.78555142,sell
1498910529,40595757,0.0015,120.8586996,buy
1498910504,40595700,0.0014978,120.8586996,buy
1498910360,40595563,0.0014909,100.1001001,buy
1498910118,40595383,0.001499,368,buy
1498910118,40595382,0.001499,332,buy
1498909924,40595247,0.0014873,53.6860933,buy
1498909919,40595244,0.0014873,167.2762247,buy
1498909919,40595243,0.0014873,84.20113023,buy
1498909907,40595233,0.0014873,251.4773751,buy
1498909899,40595225,0.0014873,73.84700533,buy
1498909896,40595222,0.0014873,139.9758152,buy
1498909887,40595203,0.0014873,0.49470724,buy
1498909887,40595202,0.0014872,139.4492987,buy
1498909639,40594885,0.00149,0.00396687,sell
1498909639,40594883,0.00149,220.9583511,sell
1498909639,40594874,0.00149,329.037682,sell
1498909567,40594839,0.0015,299.6266325,buy
1498909567,40594838,0.0014999,375.3733675,buy
1498909567,40594837,0.001497,25,buy
1498909434,40594750,0.001498,135,sell
1498909291,40594708,0.0015,249.59984,buy
1498909287,40594693,0.0015,286.6475933,buy
1498909287,40594691,0.0015,10.878,buy
1498909280,40594678,0.0015,249.3825067,buy
1498909280,40594677,0.0015,139.2511733,buy
1498909266,40594661,0.0015,74.05430533,buy
1498909254,40594648,0.0014989,0.00000116,buy
1498909251,40594644,0.0014989,74.22569884,buy
1498909120,40594521,0.0014989,0.60331732,buy
1498909116,40594515,0.0014991,0.60331732,sell
1498909115,40594514,0.0015,60.89435133,buy
1498909115,40594513,0.0015,0.102,buy
1498908966,40594249,0.001497,184.6708763,buy
1498908840,40593928,0.0014947,20,buy
1498908791,40593873,0.001472,201.93,sell
1498908536,40593636,0.0014888,0.06935263,sell
1498908536,40593635,0.0014888,67.09064737,sell
1498908474,40593527,0.001489,225.6415984,sell
1498908474,40593526,0.0014879,444.9162885,buy
1498908298,40593435,0.001469,20.6582,sell
1498908095,40593184,0.001468,1643.503628,sell
1498908095,40593183,0.0014681,758.58202,sell
1498908095,40593182,0.0014682,439.8470683,sell
1498908095,40593181,0.0014683,132.5833653,sell
1498908095,40593180,0.001469,61.1818516,sell
1498908095,40593179,0.001469,2400,sell
1498908095,40593178,0.001469,50.57469643,sell
1498908095,40593177,0.0014691,513.7273705,sell
1498907734,40592945,0.001469,15.15730357,sell
1498907686,40592911,0.001488,965.803668,buy
1498907609,40592829,0.0014799,0.14,sell
1498907581,40592826,0.001493,668.8963211,buy
1498907478,40592770,0.0014799,3,sell
1498906994,40592543,0.001479,40,sell
1498906759,40592395,0.001479,80,sell
1498906416,40592151,0.0014797,61.32367496,sell
1498905799,40591622,0.001505,26.57807309,buy
1498905774,40591602,0.0014791,61.32367496,sell
1498905761,40591593,0.001479,61.32365519,buy
1498905761,40591592,0.0014791,9.00900901,sell
1498905431,40591333,0.001483,9.00900901,sell
1498905409,40591322,0.001483,9.00900901,sell
1498905409,40591321,0.001483,9.00900901,sell
1498905286,40591271,0.001479,33,sell
1498905277,40591263,0.0014791,11.37173238,buy
1498905276,40591259,0.0014791,0.1855041,sell
1498905276,40591258,0.0014791,11.37173238,sell
1498905272,40591255,0.0014791,125.4777896,sell
1498904983,40591102,0.001491,0.0000092,sell
1498904983,40591099,0.001491,948.7861,sell
1498904982,40591097,0.001491,2945.79871,sell
1498904981,40591095,0.001491,948.7860995,sell
1498904981,40591091,0.001491,3893.170825,sell
1498904980,40591085,0.001491,3893.170825,sell
1498904980,40591084,0.001491,2500,sell
1498904980,40591082,0.001491,2500,sell
1498904980,40591081,0.001491,2500,sell
1498904979,40591080,0.001491,2500,sell
1498904979,40591079,0.001491,2500,sell
1498904978,40591076,0.001491,147.9458601,sell
1498904977,40591074,0.001491,11190.15695,sell
1498904976,40591068,0.001491,444.9162885,sell
1498904976,40591067,0.0014909,136.1501405,buy
1498904976,40591066,0.0014889,444.9162885,buy
1498904976,40591065,0.001488,9306.2019,buy
1498904751,40590897,0.0014749,12.92935347,buy
1498904751,40590890,0.0014749,4925.836129,buy
1498904739,40590875,0.0014749,62.71947609,buy
1498904737,40590868,0.0014749,137.4756526,buy
1498904733,40590857,0.0014749,137.4807241,buy
1498904714,40590846,0.0014749,161.8451965,buy
1498904642,40590819,0.0014749,75,buy
1498904616,40590798,0.0014749,131.4552355,buy
1498904616,40590797,0.0014748,134.7301329,buy
1498904616,40590796,0.0014742,133.8146317,buy
1498904358,40590663,0.0014683,200,sell
1498904348,40590652,0.00148,0.57968883,sell
1498904348,40590651,0.00148,199.4203112,sell
1498904295,40590619,0.0014819,1,buy
1498904091,40590532,0.0014683,88.428846,sell
1498904091,40590531,0.0014683,53.36942901,sell
1498904091,40590530,0.0014685,74.3,sell
1498903747,40590298,0.0014683,367.6427822,sell
1498903747,40590297,0.0014683,444.2572178,sell
1498903567,40590055,0.0015049,588.5803704,sell
1498903567,40590054,0.0015049,444.9162885,sell
1498903567,40590052,0.0015049,112.1004718,sell
1498903567,40590047,0.0015049,84.00665088,sell
1498903567,40590046,0.0015035,746.29778,buy
1498903567,40590045,0.0015034,444.9162885,buy
1498903567,40590044,0.0015033,1000,buy
1498903567,40590043,0.0015033,1579.18215,buy
1498903424,40589820,0.0014682,136.9645825,sell
1498903406,40589797,0.0014682,10,sell
1498903389,40589771,0.0014759,11.71390338,buy
1498903364,40589752,0.0014809,2,buy
1498903320,40589718,0.0014682,0.33234108,sell
1498903314,40589715,0.0014682,16.92980687,sell
1498903309,40589705,0.0014682,63.96867648,sell
1498903309,40589704,0.0014683,172.9497925,sell
1498903270,40589668,0.0014683,192.2420339,sell
1498903270,40589667,0.001469,54.60224642,sell
1498903260,40589653,0.001469,514.2766147,sell
1498903257,40589649,0.001469,203.6980511,sell
1498903251,40589641,0.001469,514.2766167,sell
1498903245,40589634,0.001469,514.2766167,sell
1498903223,40589612,0.001469,240.1545425,sell
1498903223,40589611,0.001469,17.64206262,sell
1498903212,40589598,0.00147,256.1301636,sell
1498903210,40589595,0.00147,246.8442925,sell
1498903208,40589590,0.00147,513.9267677,sell
1498903208,40589588,0.00147,246.8592257,sell
1498903188,40589563,0.00147,513.9267687,sell
1498903183,40589546,0.00147,0.71316452,sell
1498903148,40589510,0.00147,246.8443041,sell
1498903144,40589500,0.00147,46.88950525,sell
1498903128,40589481,0.00147,246.8592064,sell
1498903109,40589464,0.0014701,105.7652645,sell
1498903107,40589461,0.0014701,123.9310276,sell
1498903106,40589460,0.00147,246.7248927,sell
1498903103,40589446,0.00147,444.9162885,sell
1498903093,40589424,0.0014701,11.14387456,sell
1498903089,40589419,0.0014701,105.6523094,sell
1498903088,40589415,0.0014701,246.7099617,sell
1498903082,40589406,0.0014701,105.6594992,sell
1498903080,40589401,0.0014701,444.9162885,sell
1498903075,40589397,0.00147,444.9162885,sell
1498903070,40589395,0.00147,444.9162885,sell
1498903059,40589388,0.00147,136.4430952,sell
1498903015,40589364,0.001469,5.35986806,sell
1498903015,40589363,0.00147,0.23258723,sell
1498902994,40589332,0.00147,149.7674128,sell
1498902994,40589331,0.00147,453.7713188,sell
1498902992,40589326,0.00147,806.2781921,sell
1498902991,40589322,0.00147,603.7713042,sell
1498902991,40589317,0.00147,3392.154009,sell
1498902971,40589286,0.00147,105.7381593,sell
1498902970,40589281,0.00147,105.7381593,sell
1498902969,40589276,0.00147,105.7381593,sell
1498902964,40589260,0.00147,95.78046938,sell
1498902912,40589201,0.00147,122.9120272,sell
1498902912,40589200,0.00147,173.9471984,sell
1498902911,40589199,0.00147,100.8029618,sell
1498902906,40589195,0.001479,3.37493776,buy
1498902871,40589148,0.0015144,1688.434799,buy
1498902871,40589147,0.0015124,4005.74158,buy
1498902871,40589146,0.0014987,136.1501405,buy
1498902871,40589145,0.0014979,100.8029618,buy
1498902871,40589144,0.0014978,444.9162885,buy
1498902871,40589143,0.0014969,744.6654,buy
1498902871,40589142,0.0014968,1838.47176,buy
1498902871,40589141,0.0014968,1000,buy
1498902799,40589024,0.00147,34,sell
1498902790,40588999,0.001473,34,sell
1498902790,40588998,0.001474,2.67987217,sell
1498902722,40588947,0.001474,4910.071982,sell
1498902718,40588937,0.001475,0.102,buy
1498902703,40588922,0.001474,137.2481459,sell
1498902595,40588847,0.00148,0.222216,sell
1498902591,40588842,0.00148,99.777784,sell
1498902591,40588841,0.00148,100,sell
1498902591,40588840,0.00148,412.85,sell
1498902443,40588714,0.0014837,100,buy
1498902430,40588706,0.00148,189.81,sell
1498902371,40588675,0.00148,189.81,sell
1498902300,40588641,0.0014878,1.48550915,buy
1498902270,40588605,0.00148,180.5,sell
1498902186,40588532,0.00149,378,buy
1498902124,40588487,0.0014804,9.70012,sell
1498902119,40588480,0.00149,19.7759216,buy
1498902064,40588411,0.001489,1,buy
1498902030,40588310,0.001491,6,buy
1498901970,40588133,0.001495,47.27443272,sell
1498901970,40588132,0.001495,252.2775089,sell
1498901970,40588131,0.001495,215.43177,sell
1498901968,40588120,0.001495,620.1,sell
1498901967,40588119,0.0014945,444.9162885,buy
1498901889,40587895,0.001495,287,buy
1498901889,40587894,0.00149,6.52309469,sell
1498901877,40587818,0.0014949,4.16930895,buy
1498901846,40587744,0.001496,100,buy
1498901836,40587738,0.00149,22.72848153,sell
1498901831,40587732,0.001497,100,buy
1498901779,40587661,0.00149,31.38987068,sell
1498901777,40587649,0.00149,39.3585531,sell
1498901731,40587535,0.001491,2993.916663,sell
1498901331,40587282,0.001498,664.0162284,buy
1498900828,40587005,0.001509,1340.411922,sell
1498899994,40585568,0.0014801,0.2614,sell
1498899982,40585532,0.001508,0.00001305,sell
1498899978,40585515,0.001508,0.2614,sell
1498899975,40585503,0.001508,538.8051215,sell
1498899975,40585499,0.001508,605.5279428,sell
1498899974,40585492,0.001508,683.0757182,sell
1498899973,40585489,0.001508,52.9707427,sell
1498899973,40585487,0.001508,605.6013579,sell
1498899972,40585481,0.001508,3394.431705,sell
1498899972,40585479,0.001508,66.35525629,sell
1498899965,40585455,0.001508,52.9707427,sell
1498899014,40584189,0.0015095,228.1439915,buy
1498899013,40584188,0.0015095,248.0921412,buy
1498898978,40584176,0.0015069,236.976646,buy
1498898977,40584173,0.0015069,611.2161025,buy
1498898947,40584144,0.0015066,1.86619167,buy
1498898947,40584137,0.0015066,22.12980833,buy
1498898947,40584136,0.0015066,1739.742926,buy
1498898944,40584123,0.0015066,0.1001001,buy
1498898944,40584121,0.0015066,0.1001001,buy
1498898943,40584119,0.0015066,0.1001001,buy
1498898942,40584117,0.0015066,0.1001001,buy
1498898941,40584112,0.0015066,0.1001001,buy
1498898941,40584110,0.0015066,0.1001001,buy
1498898940,40584104,0.0015066,0.1001001,buy
1498898835,40584045,0.0015066,124.3251242,buy
1498898802,40584024,0.0015066,135.2312493,buy
1498898802,40584023,0.0015049,310.1304009,buy
1498898775,40584004,0.0015049,138.1460413,buy
1498898737,40583974,0.0015049,220.5909738,buy
1498898737,40583973,0.0015036,55.79498223,buy
1498898737,40583972,0.0014995,168.9756941,buy
1498898636,40583901,0.0014973,349.6914829,buy
1498898610,40583890,0.0014973,70.07007007,buy
1498898509,40583818,0.0014973,195.2872593,buy
1498898489,40583783,0.0014953,100,sell
1498898363,40583634,0.0014973,100,buy
1498898137,40583209,0.0014953,439.2688307,sell
1498898117,40583172,0.0014952,139.72,sell
1498897858,40582513,0.0014951,0.36872788,sell
1498897746,40582430,0.001495,97.63428805,sell
1498897746,40582429,0.001495,101.0016502,sell
1498897719,40582403,0.0014911,10,sell
1498897634,40582295,0.0014928,111.0016502,buy
1498897617,40582279,0.0014901,10,sell
1498897563,40582218,0.0014901,25,sell
1498897559,40582212,0.001494,9,sell
1498897091,40581952,0.0014964,140,buy
1498896330,40580844,0.001481,0.10578,sell
1498895976,40580268,0.00149,155.0016502,sell
1498895901,40580059,0.00149,0.28834978,sell
1498895894,40580036,0.0014901,361.7116502,sell
1498895886,40580009,0.001491,125.1981974,buy
1498895870,40579961,0.0014901,144.7757533,sell
1498895863,40579949,0.001491,362,sell
1498895314,40579008,0.00149,144.71,sell
1498895250,40578918,0.001497,49.4995496,buy
1498894990,40578041,0.001497,1000,buy
1498894963,40577891,0.001497,42.29933526,buy
1498894957,40577861,0.001497,5000,buy
1498894928,40577700,0.001497,5000,buy
1498894754,40576108,0.0015025,44,buy
1498894705,40575958,0.0014741,1074.068703,sell
1498894705,40575957,0.0014744,1000,sell
1498894603,40575640,0.001474,8882.240746,sell
1498894603,40575639,0.001474,670,sell
1498894603,40575638,0.0014771,190.806055,sell
1498894603,40575637,0.0014771,260.6387723,sell
1498894603,40575636,0.0014804,1000,sell
1498894603,40575635,0.0014805,773.62428,sell
1498894603,40575634,0.0014838,48.92823996,sell
1498894603,40575633,0.001484,508.5693261,sell
1498894603,40575632,0.0014845,508.43228,sell
1498894603,40575631,0.001493,53,sell
1498894603,40575630,0.0015,1.71769867,sell
1498894600,40575624,0.0015062,0.43509529,buy
1498894593,40575610,0.0015,0.99,sell
1498894591,40575609,0.0015046,9,buy
1498894558,40575520,0.001505,50,buy
1498894553,40575501,0.0015,153.0039618,sell
1498894535,40575466,0.0015056,10,buy
1498894432,40575363,0.00151,0.04171891,sell
1498894432,40575361,0.00151,96.78747314,sell
1498893964,40574632,0.0015,6.64010624,sell
1498893961,40574627,0.0015,503.6482333,sell
1498893950,40574573,0.0015068,6.64010624,buy
1498893944,40574544,0.0015079,6.64010624,sell
1498893748,40574286,0.0015245,100,buy
1498893325,40573733,0.0015249,1.91579682,buy
1498893141,40573504,0.001506,219.9943427,sell
1498893012,40573325,0.001525,44.04703205,buy
1498892909,40573210,0.001525,220.4352131,buy
1498892875,40573189,0.001525,97.86269857,buy
1498892875,40573188,0.00152,10,buy
1498892875,40573187,0.0015199,64.85934129,buy
1498892875,40573186,0.0015187,87.27796014,buy
1498892871,40573184,0.001504,223.9460676,sell
1498892528,40572820,0.0015187,88.17100579,buy
1498892526,40572814,0.0015186,87.5788199,buy
1498892526,40572813,0.0015186,58.56753741,buy
1498892521,40572807,0.0015176,146.1463573,sell
1498892521,40572806,0.0015176,58.56753741,sell
1498892519,40572803,0.0015176,146.1463573,buy
1498892487,40572760,0.0015182,145,buy
1498892417,40572591,0.0015166,224.3948573,buy
1498892292,40572450,0.0015167,6.286474,buy
1498892290,40572447,0.0015146,85.83256057,buy
1498892281,40572433,0.0015143,11.39798261,buy
1498892280,40572430,0.0015143,13.20742257,buy
1498892276,40572424,0.0015143,140.1387648,buy
1498892276,40572423,0.0015143,0.00000278,buy
1498892276,40572422,0.0015141,164.74417,buy
1498892276,40572421,0.001514,78.91161221,buy
1498892179,40572348,0.0015081,84.41419007,sell
1498892168,40572316,0.0015115,84.41419007,buy
1498891687,40571817,0.001519,88.50724793,buy
1498891674,40571779,0.0014961,147.495,sell
1498891639,40571663,0.0015235,0.43988546,sell
1498891638,40571659,0.0015235,134.6756343,sell
1498891638,40571658,0.0015236,253.1361579,sell
1498891638,40571657,0.0015236,240.7210371,sell
1498891636,40571644,0.0015236,12.68598917,sell
1498891636,40571643,0.0015236,71.7282,sell
1498891621,40571584,0.0015304,164.7441728,sell
1498891617,40571517,0.0015304,203.0947984,sell
1498891617,40571516,0.0015305,71.7282,sell
1498891592,40571459,0.0015398,0.5,buy
1498891585,40571429,0.0015399,1,buy
1498891583,40571426,0.0015399,1,buy
1498891577,40571419,0.001544,145,buy
1498891561,40571358,0.001541,15.08556257,buy
1498891558,40571334,0.001543,15.08556257,sell
1498891545,40571293,0.0015419,15.08556257,sell
1498891531,40571255,0.0015299,140.3642,buy
1498891522,40571225,0.00153,70,buy
1498891522,40571224,0.0015224,0.04195856,buy
1498891520,40571212,0.0015224,71.68624144,buy
1498891519,40571203,0.00152,0.1,buy
