Timestamp,TradeId,Price,Amount,Type
1498348786,39452240,0.00020099,47.50304488,sell
1498348785,39452239,0.000201,45,buy
1498348782,39452238,0.00020099,1,sell
1498348778,39452237,0.00020099,1,sell
1498348776,39452236,0.000201,2,buy
1498348759,39452208,0.000201,50,buy
1498348743,39452205,0.000201,1430,buy
1498348739,39452204,0.000201,497.5124378,buy
1498348716,39452190,0.000201,2187,buy
1498348702,39452173,0.000201,174.2422736,buy
1498348702,39452172,0.000201,158,buy
1498348702,39452171,0.000201,83.80364621,buy
1498348701,39452170,0.000201,46.5797615,buy
1498348697,39452169,0.000201,119.0849945,buy
1498348696,39452168,0.000201,58.0176152,buy
1498348696,39452167,0.000201,120.6008455,buy
1498348695,39452166,0.000201,67.87340454,buy
1498348695,39452165,0.000201,81.38283778,buy
1498348694,39452164,0.000201,96.9908065,buy
1498348659,39452109,0.000201,13.9961194,buy
1498348657,39452108,0.000201,70000,buy
1498348657,39452107,0.000201,213.3750256,buy
1498348656,39452103,0.000201,250.73305,buy
1498348656,39452102,0.000201,217.2293447,buy
1498348656,39452101,0.000201,85.54742796,buy
1498348656,39452099,0.000201,172.3144607,buy
1498348656,39452096,0.000201,68.46561656,buy
1498348656,39452092,0.000201,161.9528565,buy
1498348655,39452089,0.000201,88.26976506,buy
1498348655,39452088,0.000201,127.9485735,buy
1498348655,39452082,0.000201,165.9888422,buy
1498348654,39452079,0.000201,476.8803072,buy
1498348654,39452077,0.000201,62.20177918,buy
1498348653,39452075,0.000201,62.20177918,buy
1498348653,39452071,0.000201,49,buy
1498348650,39452070,0.000201,55.25178236,buy
1498348647,39452066,0.00020094,10,sell
1498348645,39452064,0.000201,85.12022666,buy
1498348639,39452057,0.000201,162.9568722,buy
1498348636,39452053,0.000201,137.483702,buy
1498348633,39452048,0.000201,192.3373982,buy
1498348623,39452041,0.000201,8799.610223,buy
1498348623,39452040,0.0002009,1200.389777,buy
1498348619,39452038,0.0002009,4000,buy
1498348595,39452014,0.0002008,1.72320656,sell
1498348595,39452013,0.00020081,0.21908027,sell
1498348595,39452012,0.00020089,294.7202449,sell
1498348595,39452011,0.00020089,227.7374683,sell
1498348584,39452007,0.0002009,4689.610223,buy
1498348584,39452006,0.0002009,5310.389777,buy
1498348584,39452005,0.0002009,10000,buy
1498348584,39452002,0.0002009,10000,buy
1498348584,39452001,0.0002009,10000,buy
1498348584,39452000,0.0002009,10000,buy
1498348584,39451999,0.0002009,10000,buy
1498348584,39451998,0.0002009,10000,buy
1498348584,39451997,0.0002009,9913.610223,buy
1498348584,39451996,0.0002009,86.38977699,buy
1498348584,39451995,0.0002009,413.610223,buy
1498348584,39451994,0.0002009,9586.389777,buy
1498348584,39451993,0.0002009,10000,buy
1498348577,39451978,0.0002009,10000,buy
1498348549,39451959,0.0002009,10000,buy
1498348500,39451912,0.00020089,961.7322485,buy
1498348421,39451845,0.00020089,2,buy
1498348390,39451799,0.00020089,80,buy
1498348388,39451796,0.00020089,956.2677516,buy
1498348388,39451795,0.00020089,1147.732248,buy
1498348358,39451779,0.0002008,3.79456674,sell
1498348358,39451778,0.00020081,6.20543326,sell
1498348309,39451754,0.00020089,10,buy
1498348274,39451733,0.0002008,0.5700065,sell
1498348274,39451732,0.00020081,0.0299935,sell
1498348273,39451731,0.00020081,0.6,sell
1498348242,39451708,0.00020089,0.2,buy
1498348175,39451685,0.0002009,14.87173013,buy
1498348175,39451684,0.00020089,135.1282699,buy
1498348147,39451668,0.00020089,71.47919747,sell
1498348142,39451662,0.00020089,70.85784287,sell
1498348137,39451659,0.00020089,49.78611163,sell
1498347946,39451442,0.00020089,400,sell
1498347926,39451415,0.0002009,5980,buy
1498347880,39451327,0.0002009,82.44369464,buy
1498347878,39451314,0.0002009,90.28335784,buy
1498347859,39451255,0.0002009,3.56662,buy
1498347857,39451251,0.0002009,225,buy
1498347849,39451238,0.0002009,749.45,buy
1498347833,39451215,0.0002009,12,buy
1498347781,39451112,0.0002009,1.41684702,buy
1498347780,39451109,0.0002009,0.18480612,buy
1498347780,39451104,0.0002009,529.9018236,buy
1498347780,39451102,0.0002009,269.8174514,buy
1498347780,39451101,0.0002009,2068.60046,buy
1498347780,39451100,0.0002009,10.86249186,buy
1498347778,39451092,0.0002009,4993.0182,buy
1498347777,39451091,0.0002009,12050.71919,buy
1498347777,39451090,0.0002009,2216.592367,buy
1498347777,39451085,0.0002009,1426.300861,buy
1498347702,39450943,0.00020061,5.00402,sell
1498347697,39450927,0.0002009,1162.563315,buy
1498347689,39450912,0.0002009,1200,buy
1498347655,39450851,0.00020061,2.03,sell
1498347632,39450816,0.0002009,2,buy
1498347622,39450809,0.0002009,5,buy
1498347617,39450806,0.00020061,0.95,sell
1498347617,39450801,0.0002009,20,buy
1498347614,39450798,0.0002009,20,buy
1498347609,39450796,0.0002009,69,buy
1498347607,39450795,0.0002006,779.56,sell
1498347607,39450794,0.00020079,150,sell
1498347607,39450793,0.00020079,5,sell
1498347607,39450792,0.0002008,65.22,sell
1498347607,39450791,0.0002008,0.11,sell
1498347607,39450790,0.0002008,0.11,sell
1498347603,39450787,0.0002009,5,buy
1498347600,39450784,0.0002009,5,buy
1498347599,39450782,0.0002009,5,buy
1498347596,39450778,0.0002009,5,buy
1498347593,39450772,0.0002009,5,buy
1498347590,39450769,0.0002009,5,buy
1498347589,39450763,0.0002009,5,buy
1498347584,39450752,0.0002009,0.9,buy
1498347581,39450749,0.00020081,0.9,sell
1498347580,39450742,0.00020089,0.9,buy
1498347575,39450733,0.00020089,0.5,buy
1498347573,39450723,0.00020089,0.5,buy
1498347568,39450707,0.00020089,0.2,buy
1498347566,39450692,0.00020089,0.2,buy
1498347566,39450686,0.0002009,0.2,buy
1498347562,39450676,0.0002009,0.2,buy
1498347560,39450651,0.0002009,0.2,buy
1498347558,39450629,0.0002009,0.2,buy
1498347557,39450609,0.0002009,0.2,buy
1498347551,39450580,0.0002009,0.1,buy
1498347551,39450579,0.0002009,196,buy
1498347550,39450577,0.0002009,0.1,buy
1498347548,39450572,0.0002009,0.1,buy
1498347546,39450570,0.0002009,0.1,buy
1498347545,39450569,0.0002009,0.1,buy
1498347544,39450567,0.0002009,1,buy
1498347543,39450565,0.0002009,0.1,buy
1498347539,39450555,0.0002009,0.1,buy
1498347537,39450530,0.0002009,0.1,buy
1498347527,39450464,0.0002009,500,buy
1498347524,39450463,0.0002009,0.29,buy
1498347520,39450462,0.0002009,3614.202987,buy
1498347518,39450460,0.0002009,90.93874262,buy
1498347505,39450453,0.0002009,5,buy
1498347493,39450426,0.0002009,240,buy
1498347487,39450421,0.0002009,65,buy
1498347457,39450346,0.0002009,250,buy
1498347416,39450278,0.00020089,0.11,buy
1498347408,39450275,0.00020089,0.11,buy
1498347407,39450273,0.0002009,95.80403333,buy
1498347407,39450272,0.00020089,19.19596667,buy
1498347403,39450264,0.0002009,0.11,buy
1498347401,39450259,0.0002009,367.2453042,buy
1498347401,39450258,0.00020089,63.75986381,buy
1498347397,39450253,0.00020089,0.11,buy
1498347392,39450228,0.00020089,0.11,buy
1498347387,39450222,0.00020089,0.11,buy
1498347381,39450198,0.0002009,950.2009175,buy
1498347381,39450197,0.00020089,60.68908252,buy
1498347369,39450153,0.0002009,519.3697522,buy
1498347369,39450152,0.00020089,66.9984751,buy
1498347365,39450133,0.00020089,0.11,buy
1498347340,39450070,0.0002009,2000,buy
1498347339,39450069,0.0002009,1117.448,buy
1498347305,39450056,0.0002009,988.2043793,buy
1498347305,39450055,0.0002008,1011.795621,buy
1498347289,39450032,0.0002008,0.11,buy
1498347288,39450031,0.0002008,1491.510365,buy
1498347283,39450022,0.0002008,260,buy
1498347282,39450020,0.0002008,250,buy
1498347277,39450012,0.0002008,10000,buy
1498347275,39450011,0.0002008,10000,buy
1498347275,39450010,0.0002008,10000,buy
1498347274,39450006,0.0002008,10000,buy
1498347269,39449981,0.0002008,2000,buy
1498347240,39449927,0.0002008,55,buy
1498347228,39449922,0.00020079,50,buy
1498347204,39449873,0.00020079,10,buy
1498347188,39449862,0.00020079,10,buy
1498347169,39449829,0.0002008,1111.584014,buy
1498347169,39449828,0.0002008,200.2797008,buy
1498347161,39449823,0.00020079,50,buy
1498347145,39449792,0.0002006,0.26020358,sell
1498347145,39449791,0.0002006,1.99489411,sell
1498347125,39449759,0.00020068,2,buy
1498347114,39449747,0.00020066,0.11,buy
1498347108,39449722,0.0002006,220.9911354,sell
1498347108,39449719,0.0002008,7408.910941,buy
1498347108,39449718,0.00020078,58.4865512,buy
1498347108,39449717,0.00020078,36.43034787,buy
1498347108,39449716,0.00020076,186.5437044,buy
1498347108,39449715,0.00020073,177.8683789,buy
1498347108,39449714,0.00020073,101.7353237,buy
1498347108,39449713,0.0002007,105.9511219,buy
1498347108,39449712,0.0002007,180.7846781,buy
1498347108,39449711,0.0002007,240.9025305,buy
1498347108,39449710,0.0002007,71.15383184,buy
1498347108,39449709,0.0002007,71.10727137,buy
1498347108,39449708,0.0002007,187.2800884,buy
1498347108,39449707,0.0002007,182.6787362,buy
1498347108,39449706,0.0002007,242.6460281,buy
1498347108,39449705,0.0002007,238.439259,buy
1498347108,39449704,0.00020069,4.24942288,buy
1498347108,39449703,0.00020061,205.6187759,buy
1498347108,39449702,0.00020061,104.9386687,buy
1498347108,39449701,0.00020061,194.2743396,buy
1498347107,39449699,0.0002006,92.74900756,sell
1498347103,39449652,0.0002006,142.0815485,sell
1498347100,39449630,0.0002007,137.239391,sell
1498347099,39449623,0.0002007,112.6082951,sell
1498347099,39449622,0.0002007,140.0515761,sell
1498347097,39449607,0.00020074,2004,buy
1498347093,39449577,0.00020079,448.238384,sell
1498347081,39449549,0.0002008,250,buy
1498347081,39449546,0.00020079,59.582358,sell
1498347079,39449544,0.00020079,59.52981316,sell
1498347075,39449533,0.0002008,2000.809358,buy
1498347075,39449532,0.0002008,500,buy
1498347068,39449506,0.00020079,2.64944484,buy
1498347065,39449470,0.00020079,10,buy
1498347038,39449392,0.0002007,2574.134584,buy
1498347038,39449391,0.00020069,25.29888969,buy
1498346987,39449325,0.0002007,150.7142272,buy
1498346987,39449324,0.00020069,99.28577279,buy
1498346947,39449304,0.0002007,9100,buy
1498346940,39449299,0.0002007,2574.694636,buy
1498346940,39449298,0.00020062,0.30536416,buy
1498346934,39449277,0.0002007,1117,buy
1498346912,39449246,0.0002007,92.42650722,buy
1498346909,39449244,0.0002007,29.90821492,buy
1498346902,39449239,0.0002007,345,buy
1498346896,39449235,0.0002007,30.60871948,buy
1498346895,39449234,0.0002007,500,buy
1498346894,39449233,0.0002007,500,buy
1498346893,39449232,0.0002007,500,buy
1498346893,39449231,0.0002007,500,buy
1498346892,39449230,0.0002007,500,buy
1498346891,39449228,0.0002007,500,buy
1498346890,39449227,0.0002007,500,buy
1498346859,39449205,0.0002007,1000,buy
1498346855,39449199,0.0002007,0.30566983,buy
1498346810,39449173,0.0002007,1037.8,buy
1498346808,39449172,0.0002007,40.68281016,buy
1498346800,39449171,0.0002007,214.2501246,buy
1498346797,39449169,0.0002007,2,buy
1498346794,39449166,0.0002007,300,buy
1498346792,39449164,0.0002007,204.4745073,buy
1498346792,39449163,0.0002007,4803.525493,buy
1498346789,39449161,0.0002007,2,buy
1498346779,39449147,0.0002007,5,buy
1498346744,39449130,0.0002007,50,buy
1498346688,39449101,0.0002006,3364.847418,buy
1498346655,39449063,0.0002006,86.27258225,buy
1498346648,39449051,0.0002006,0.88,buy
1498346633,39449010,0.0002006,48,buy
1498346611,39448911,0.0002001,109.0498247,sell
1498346609,39448903,0.0002001,54.8079389,sell
1498346607,39448900,0.0002001,74.6163821,sell
1498346607,39448899,0.0002001,62.55716631,sell
1498346606,39448898,0.00020011,6.62732161,sell
1498346605,39448896,0.0002007,4999.474507,buy
1498346605,39448895,0.0002006,2793.793117,buy
1498346605,39448894,0.0002005,5000,buy
1498346605,39448893,0.00020029,74.6163821,buy
1498346605,39448892,0.00020029,62.55716631,buy
1498346605,39448891,0.00020029,115.6771463,buy
1498346605,39448890,0.00020011,54.8079389,buy
1498346605,39448888,0.0002001,90.2077814,sell
1498346605,39448886,0.00020011,15.3086036,sell
1498346594,39448854,0.0002001,38.15434787,sell
1498346591,39448834,0.0002003,13.78120097,sell
1498346589,39448813,0.0002003,4.05754992,sell
1498346589,39448812,0.0002003,199.7,sell
1498346564,39448781,0.0002006,1270,buy
1498346549,39448765,0.0002003,0.3,sell
1498346540,39448761,0.0002006,0.85,buy
1498346515,39448698,0.00020051,1000,sell
1498346513,39448697,0.0002004,91.98357792,buy
1498346500,39448676,0.00020048,38.39456228,buy
1498346480,39448649,0.00020051,11.04942275,sell
1498346480,39448648,0.0002005,0.01390278,sell
1498346480,39448646,0.0002005,84.8681393,sell
1498346480,39448645,0.0002005,8233.218697,sell
1498346480,39448644,0.00020051,186.113164,sell
1498346480,39448642,0.0002006,1,buy
1498346462,39448566,0.00020051,0.83218725,sell
1498346455,39448551,0.0002006,12.4731614,buy
1498346455,39448550,0.00020059,98.5268386,buy
1498346454,39448545,0.0002005,51.74433165,sell
1498346453,39448542,0.0002005,53.96470928,sell
1498346453,39448541,0.00020051,28.51030236,sell
1498346449,39448532,0.0002006,1208.12321,buy
1498346449,39448531,0.00020058,41.87678972,buy
1498346449,39448528,0.00020058,10,buy
1498346448,39448526,0.0002005,128.2062274,sell
1498346443,39448517,0.00020051,128.7709556,sell
1498346417,39448494,0.0002006,80.3855008,buy
1498346417,39448493,0.00020059,113.6144992,buy
1498346410,39448480,0.0002006,200,buy
1498346403,39448452,0.0002006,145.0317685,buy
1498346403,39448451,0.00020059,54.96823153,buy
1498346393,39448442,0.0002006,300,buy
1498346391,39448441,0.0002006,191.4178748,buy
1498346391,39448440,0.00020057,86.32345127,buy
1498346378,39448433,0.0002006,1962.673462,buy
1498346378,39448432,0.00020058,95.90716719,buy
1498346372,39448424,0.0002006,864.163417,buy
1498346372,39448423,0.00020059,135.836583,buy
1498346357,39448415,0.0002006,930.0884882,buy
1498346357,39448414,0.00020058,69.91151178,buy
1498346317,39448390,0.0002005,16282,buy
1498346317,39448389,0.0002005,2266.12015,buy
1498346317,39448388,0.0002004,9890,buy
1498346317,39448387,0.0002003,9890,buy
1498346317,39448386,0.0002002,9890,buy
1498346297,39448364,0.0002001,5.4592,buy
1498346297,39448363,0.0002001,6402.865267,buy
1498346287,39448349,0.0002001,5,buy
1498346281,39448348,0.00019999,50,buy
1498346256,39448319,0.0001999,11743.9,buy
1498346250,39448303,0.0001999,3848.309105,buy
1498346230,39448286,0.0001999,6875.4,buy
1498346230,39448285,0.0001998,5000,buy
1498346220,39448275,0.0001999,6972.51,buy
1498346220,39448274,0.0001998,4702.59,buy
1498346206,39448273,0.0001998,0.41,buy
1498346178,39448222,0.0001998,297,buy
1498346096,39447960,0.0002,890.5085961,buy
1498346096,39447959,0.0002,30,buy
1498346096,39447958,0.00019999,79.49140387,buy
1498346070,39447902,0.00019871,0.3,sell
1498346070,39447901,0.0001999,11390.6,buy
1498346020,39447766,0.0001999,10,buy
1498345976,39447628,0.00019871,0.3,sell
1498345956,39447555,0.0001999,575,buy
1498345938,39447488,0.00019989,0.97,sell
1498345925,39447435,0.00019989,2317,sell
1498345880,39447316,0.00019871,0.3,sell
1498345871,39447312,0.0001999,70,buy
1498345812,39447203,0.0002,83.2767,buy
1498345812,39447202,0.00019985,16.7233,buy
1498345795,39447133,0.00019995,2.65727619,buy
1498345785,39447118,0.0001985,0.3,sell
1498345776,39447114,0.00019846,9992.937905,sell
1498345776,39447113,0.00019851,6.8202,sell
1498345776,39447112,0.00019852,0.24189518,sell
1498345773,39447105,0.00019846,51,sell
1498345773,39447104,0.00019846,7382.618055,sell
1498345773,39447103,0.00019847,17.60203074,sell
1498345773,39447102,0.00019847,19.4,sell
1498345773,39447101,0.0001985,50,sell
1498345773,39447100,0.0001985,100,sell
1498345773,39447099,0.00019851,12.95491411,sell
1498345764,39447086,0.0002,593.5009,buy
1498345761,39447065,0.0002,1000,buy
1498345751,39447053,0.0001989,100,sell
1498345751,39447052,0.000199,3290,sell
1498345751,39447051,0.000199,130,sell
1498345751,39447050,0.000199,5000,sell
1498345751,39447048,0.000199,10000,sell
1498345731,39446996,0.00019929,609.6444378,sell
1498345731,39446995,0.00019929,1373.443775,sell
1498345728,39446986,0.0002,3000,buy
1498345724,39446979,0.00019929,978,sell
1498345721,39446978,0.00019929,932.1996029,sell
1498345721,39446977,0.0001993,5442.530055,sell
1498345721,39446976,0.0001993,20,sell
1498345721,39446975,0.0001998,1705.270342,sell
1498345721,39446974,0.0001999,900,sell
1498345721,39446973,0.0002,1000,sell
1498345720,39446961,0.0002001,100,buy
1498345688,39446924,0.0002001,1000,buy
1498345677,39446904,0.0002001,1000,buy
1498345617,39446792,0.0002001,382.1347326,buy
1498345605,39446755,0.0001998,684.7296581,sell
1498345605,39446754,0.0001998,12.2261599,sell
1498345600,39446742,0.0002001,1000,buy
1498345563,39446689,0.0001998,987.7738401,sell
1498345536,39446667,0.0001996,2044.30784,buy
1498345404,39446354,0.0002,0.1,buy
1498345401,39446343,0.0002,0.1,buy
1498345399,39446337,0.0002,0.1,buy
1498345395,39446315,0.0002,0.1,buy
1498345394,39446313,0.0002,0.1,buy
1498345393,39446301,0.0002,0.1,buy
1498345372,39446267,0.0002,5,buy
1498345362,39446257,0.0002,10,buy
1498345360,39446237,0.0002,10,buy
1498345358,39446233,0.0002,10,buy
1498345355,39446226,0.0002,10,buy
1498345352,39446223,0.00019929,1.7175506,sell
1498345343,39446197,0.0002002,350,buy
1498345334,39446179,0.0002002,899.9871628,buy
1498345334,39446178,0.0002,0.01283717,buy
1498345328,39446176,0.0001999,49.7,sell
1498345310,39446162,0.0001999,0.3,sell
1498345295,39446140,0.0002,500,sell
1498345295,39446139,0.0002002,580.8975524,sell
1498345226,39446092,0.0002003,85.82656016,buy
1498345214,39446078,0.0002003,55.07483774,buy
1498345213,39446077,0.0002002,0.3,sell
1498345180,39446054,0.0002003,519.024762,buy
1498345160,39446023,0.0002002,12.8502997,sell
1498345160,39446022,0.0002002,87.1497003,sell
1498345116,39445975,0.00019929,0.3,sell
1498345111,39445971,0.0002003,100,buy
1498345042,39445896,0.00019929,1730.421868,sell
1498345042,39445895,0.00019929,50.17813237,sell
1498345042,39445894,0.00019929,19.4,sell
1498345021,39445859,0.00019929,0.3,sell
1498344984,39445815,0.0002004,19,buy
1498344932,39445790,0.0002004,70,buy
1498344924,39445774,0.00019929,0.3,sell
1498344900,39445746,0.0002,3911.1317,sell
1498344900,39445745,0.0002,10000,sell
1498344900,39445744,0.0002,5282.120309,sell
1498344900,39445743,0.0002,350,sell
1498344900,39445742,0.0002,100,sell
1498344900,39445741,0.0002,77.33,sell
1498344900,39445740,0.0002,100,sell
1498344900,39445739,0.0002,50,sell
1498344900,39445738,0.0002,4040.549691,sell
1498344899,39445737,0.0002,2499.990205,sell
1498344899,39445736,0.0002001,10,sell
1498344899,39445735,0.0002001,7490.009795,sell
1498344891,39445725,0.0002004,4.5,buy
1498344883,39445722,0.0002004,3600,buy
1498344867,39445709,0.0002005,1747.27985,buy
1498344864,39445707,0.0002004,2935.551248,buy
1498344846,39445672,0.0002004,102.6312718,buy
1498344829,39445643,0.0002004,30,buy
1498344828,39445642,0.0002001,0.3,sell
1498344818,39445630,0.0002004,59.83007481,buy
1498344807,39445600,0.0002001,2509.690205,sell
1498344807,39445599,0.0002001,10,sell
1498344807,39445598,0.0002001,7480.309795,sell
1498344807,39445597,0.0002001,2519.690205,sell
1498344807,39445596,0.0002001,100,sell
1498344807,39445595,0.0002001,7360.309795,sell
1498344807,39445594,0.0002002,10,sell
1498344807,39445593,0.0002003,10,sell
1498344805,39445592,0.0002004,50,sell
1498344785,39445565,0.0002005,33.6,buy
1498344780,39445564,0.0002005,3,buy
1498344774,39445558,0.0002005,10,buy
1498344768,39445557,0.0002005,5000,sell
1498344761,39445555,0.0002006,10,buy
1498344689,39445477,0.0002009,4478.15555,buy
1498344688,39445471,0.0002009,60,buy
1498344679,39445468,0.0002009,0.35,buy
1498344667,39445459,0.0002009,26.98023892,buy
1498344648,39445441,0.0002009,5,buy
1498344637,39445417,0.0002001,0.3,sell
1498344627,39445413,0.0002009,0.5,buy
1498344624,39445411,0.0002009,1,buy
1498344624,39445410,0.0002009,200,buy
1498344621,39445409,0.0002009,1,buy
1498344620,39445408,0.0002009,1,buy
1498344619,39445385,0.0002009,285.5171028,buy
1498344619,39445384,0.0002009,100,buy
1498344619,39445383,0.0002009,20,buy
1498344619,39445382,0.0002009,4223.650897,buy
1498344618,39445381,0.0002009,1,buy
1498344616,39445380,0.0002009,1,buy
1498344614,39445378,0.0002009,1,buy
1498344612,39445377,0.0002009,1,buy
1498344609,39445376,0.0002009,1,buy
1498344597,39445331,0.0002009,1,buy
1498344594,39445317,0.0002001,970.5808538,sell
1498344594,39445316,0.0002001,155.0464768,sell
1498344594,39445315,0.0002001,27.90109945,sell
1498344594,39445314,0.00020011,7199.09,sell
1498344594,39445313,0.0002002,100,sell
1498344594,39445312,0.0002003,500,sell
1498344594,39445311,0.0002003,224,sell
1498344594,39445310,0.0002008,500,sell
1498344594,39445309,0.0002008,1,sell
1498344594,39445308,0.0002008,0.38157,sell
1498344594,39445307,0.0002008,322,sell
1498344592,39445304,0.0002009,1,buy
1498344589,39445303,0.0002009,1,buy
1498344585,39445292,0.0002009,1,buy
1498344582,39445290,0.0002009,1,buy
1498344579,39445287,0.0002009,1,buy
1498344576,39445283,0.0002009,1,buy
1498344573,39445259,0.0002009,1,buy
1498344570,39445257,0.0002009,1,buy
1498344563,39445254,0.0002009,1,buy
1498344558,39445247,0.0002009,1,buy
1498344538,39445227,0.0002009,3945.072078,buy
1498344523,39445216,0.0002009,224.9147337,buy
1498344503,39445203,0.0002009,120,buy
1498344483,39445171,0.0002009,6000,buy
1498344450,39445089,0.0002009,6468.94,buy
1498344450,39445088,0.00020088,39.96,buy
1498344440,39445073,0.0002008,388.9808022,sell
1498344440,39445072,0.00020088,125,sell
1498344440,39445071,0.00020088,502.2622576,sell
1498344430,39445068,0.0002009,1,buy
1498344417,39445057,0.0002009,150,buy
1498344400,39445048,0.0002009,39,buy
1498344365,39445002,0.0002009,1500,buy
1498344362,39444998,0.00020088,1100,sell
1498344354,39444986,0.0002009,2000,buy
1498344273,39444892,0.0002009,366,buy
1498344265,39444886,0.0002009,299.7875062,buy
1498344239,39444873,0.0002009,100,buy
1498344234,39444865,0.0002009,10000,buy
1498344234,39444864,0.0002009,10000,buy
1498344234,39444863,0.0002009,10000,buy
1498344234,39444862,0.0002009,10000,buy
1498344233,39444861,0.0002009,10000,buy
1498344233,39444860,0.0002009,10000,buy
1498344233,39444857,0.0002009,3528.634785,buy
1498344233,39444856,0.0002009,6471.365215,buy
1498344233,39444855,0.0002009,10000,buy
1498344232,39444854,0.0002009,10000,buy
1498344232,39444853,0.0002009,32,buy
1498344232,39444852,0.0002009,10000,buy
1498344211,39444837,0.0002009,497.7600796,buy
1498344161,39444752,0.0002009,100,buy
1498344156,39444750,0.0002009,1100.53209,buy
1498344141,39444732,0.0002009,2118.191687,buy
1498344114,39444672,0.0002009,1800,buy
1498344090,39444656,0.00020088,197.7377424,sell
1498344085,39444645,0.0002009,2000,buy
1498344084,39444643,0.0002009,406.64,buy
1498344081,39444639,0.00020088,200,sell
1498344073,39444627,0.0002009,2000,buy
1498344006,39444549,0.0002009,19,buy
1498343991,39444540,0.0002009,2000,buy
1498343978,39444525,0.0002009,2000,buy
1498343953,39444512,0.0002009,2.42,buy
1498343950,39444500,0.0002009,4,buy
1498343943,39444494,0.0002008,75,sell
1498343938,39444490,0.0002009,20,buy
1498343922,39444488,0.0002009,149.3280239,buy
1498343916,39444484,0.0002009,12,buy
1498343893,39444472,0.0002009,1800.5,buy
1498343888,39444470,0.0002009,213,buy
1498343884,39444462,0.0002009,25,buy
1498343873,39444457,0.0002008,100,sell
1498343865,39444455,0.0002009,2000,buy
1498343847,39444435,0.0002009,388,buy
1498343830,39444404,0.0002009,1800,buy
1498343790,39444352,0.0002009,30000,buy
1498343790,39444351,0.0002009,8098.757796,buy
1498343790,39444350,0.0002009,80137.04664,buy
1498343790,39444349,0.0002008,10000,buy
1498343790,39444348,0.0002008,1000,buy
1498343790,39444347,0.0002008,129.8976172,buy
1498343790,39444346,0.0002008,1.35,buy
1498343790,39444345,0.0002008,632.9479489,buy
1498343758,39444301,0.0002008,35000,buy
1498343722,39444232,0.0002008,6952.638,buy
1498343711,39444205,0.0002008,5.54078273,buy
1498343678,39444092,0.0002008,3400,buy
1498343665,39444076,0.0002008,30.05893314,buy
1498343665,39444074,0.0002008,30.05893314,buy
1498343665,39444067,0.0002008,30.05893314,buy
1498343665,39444066,0.0002008,30.05893314,buy
1498343664,39444059,0.0002008,30.05893314,buy
1498343663,39444058,0.0002008,30.05893314,buy
1498343662,39444055,0.0002008,30.05893314,buy
1498343661,39444049,0.0002008,30.05893314,buy
1498343657,39444006,0.0002008,10000,buy
1498343643,39443979,0.0002008,124.810729,buy
1498343633,39443938,0.0002008,612.0589331,buy
1498343632,39443932,0.0002008,612.0589331,buy
1498343631,39443929,0.0002008,612.0589331,buy
1498343630,39443927,0.0002008,612.0589331,buy
1498343620,39443872,0.0002008,64.10772448,buy
1498343618,39443870,0.0002008,6192.058933,buy
1498343592,39443737,0.0002008,40,buy
1498343576,39443707,0.0002008,11.18342546,buy
1498343573,39443706,0.00020078,11.18342546,sell
1498343566,39443703,0.00020078,6.49254448,buy
1498343566,39443702,0.00020079,11.18342546,sell
1498343565,39443698,0.0002008,180.435259,buy
1498343538,39443667,0.0002008,267.6251494,buy
1498343533,39443657,0.0002008,124,buy
1498343526,39443654,0.0002008,23298.94485,buy
1498343526,39443653,0.0002008,25259.12288,buy
1498343526,39443652,0.0002007,5675,buy
1498343501,39443622,0.0002008,10,buy
1498343485,39443598,0.0002008,6,buy
1498343476,39443567,0.0002008,249.0039841,buy
1498343429,39443492,0.0002008,89.4898305,buy
1498343426,39443486,0.0002008,170.6164506,buy
1498343425,39443481,0.0002008,240.2949967,buy
1498343424,39443476,0.0002008,51.00879488,buy
1498343424,39443475,0.0002008,12.44730026,buy
1498343423,39443463,0.0002008,116.4885974,buy
1498343423,39443458,0.0002008,135.4173805,buy
1498343422,39443455,0.0002008,120.0892928,buy
1498343422,39443454,0.0002008,193.6921735,buy
1498343422,39443453,0.0002008,167.1550847,buy
1498343422,39443452,0.0002008,61.79068725,buy
1498343421,39443449,0.0002008,89.4898305,buy
1498343420,39443448,0.0002008,123.7591226,buy
1498343420,39443447,0.0002008,169.8601695,buy
1498343420,39443441,0.0002008,67.13613212,buy
1498343420,39443439,0.0002008,51.84919425,buy
1498343419,39443437,0.0002008,66.83540582,buy
1498343419,39443435,0.0002008,67.16207911,buy
1498343418,39443433,0.0002008,51.91043308,buy
1498343405,39443353,0.0002008,783.180685,buy
1498343404,39443346,0.0002008,809.2988708,buy
1498343404,39443345,0.00020079,411.0367765,buy
1498343404,39443344,0.0002006,758.7608017,buy
1498343403,39443342,0.0002006,88.38861499,buy
1498343402,39443336,0.0002006,838.3318544,buy
1498343402,39443333,0.0002006,109.3476072,buy
1498343402,39443322,0.0002006,75.48738783,buy
1498343402,39443320,0.0002006,479.4728315,buy
1498343402,39443314,0.0002006,81.48305084,buy
1498343402,39443313,0.0002006,55.33614157,buy
1498343402,39443311,0.0002006,275.8686441,buy
1498343401,39443304,0.0002006,173.6917248,buy
1498343401,39443301,0.0002006,87.99586241,buy
1498343400,39443298,0.0002006,81.48245264,buy
1498343400,39443296,0.0002006,252.6153539,buy
1498343400,39443295,0.0002006,94.35483549,buy
1498343392,39443283,0.0002006,21.11375796,buy
1498343388,39443259,0.0002006,77.50962113,buy
1498343388,39443257,0.0002006,76.98474576,buy
1498343388,39443256,0.0002006,90.26535393,buy
1498343387,39443251,0.0002006,56.56754735,buy
1498343387,39443249,0.0002006,81.833998,buy
1498343387,39443248,0.0002006,68.5732303,buy
1498343387,39443245,0.0002006,60.61061814,buy
1498343383,39443242,0.0002006,1000,buy
1498343362,39443176,0.0002006,490,buy
1498343357,39443175,0.00020015,0.1998,sell
1498343357,39443174,0.0002006,187.0256231,buy
1498343289,39443026,0.0002006,10.04,buy
1498343288,39443025,0.0002006,1.8583409,buy
1498343288,39443024,0.00020059,223.1416591,buy
1498343277,39443018,0.00020059,10.45523779,buy
1498343255,39443004,0.00020059,10.2582497,buy
1498343255,39443002,0.00020059,0.7,buy
1498343254,39443001,0.00020059,10.2582497,buy
1498343254,39442998,0.00020059,10.2582497,buy
1498343250,39442984,0.00020059,15.69906435,buy
1498343187,39442907,0.00020059,10,buy
1498343181,39442903,0.00020059,5.22761889,buy
1498343180,39442901,0.00020059,3.47383036,buy
1498343148,39442866,0.00020059,41.55264177,buy
1498343135,39442845,0.00020018,28.31417809,buy
1498343131,39442838,0.00020018,71.68582191,buy
1498343126,39442825,0.00020059,220.5493793,buy
1498343116,39442804,0.00020059,1706,buy
1498343114,39442799,0.00020059,3.473681,buy
1498343090,39442702,0.00020059,114.0889289,buy
1498343089,39442700,0.00020059,114.0889289,buy
1498343089,39442693,0.00020059,116.6588476,buy
1498343088,39442685,0.00020059,75.09315875,buy
1498343087,39442675,0.00020059,58.99512202,buy
1498343087,39442674,0.00020059,1.59374844,buy
1498343087,39442668,0.00020059,120.0680405,buy
1498343087,39442665,0.00020059,0.20783688,buy
1498343087,39442664,0.00020059,12.21865496,buy
1498343087,39442663,0.00020059,100.219394,buy
1498343086,39442649,0.00020059,29.51672565,buy
1498343086,39442648,0.00020059,3.84999252,buy
1498343086,39442647,0.00020059,0.5021686,buy
1498343085,39442644,0.00020059,17.42943317,buy
1498343085,39442640,0.00020059,2.27339348,buy
1498343085,39442639,0.00020059,0.29652525,buy
1498343082,39442631,0.00020059,65.61808649,buy
1498343077,39442621,0.00020059,20,buy
1498343077,39442620,0.00020059,54.49076737,buy
1498343077,39442618,0.00020059,54.49079628,buy
1498343077,39442616,0.00020059,62.56890493,buy
1498343077,39442614,0.00020059,76.1436263,buy
1498343077,39442613,0.00020059,0.18679894,buy
1498343077,39442611,0.00020059,0.16895159,buy
1498343077,39442610,0.00020059,1.29547833,buy
1498343077,39442609,0.00020059,9.93175133,buy
1498343076,39442604,0.00020059,0.35963906,buy
1498343076,39442601,0.00020059,1.43232464,buy
1498343076,39442600,0.00020059,6.08769131,buy
1498343076,39442598,0.00020059,2.75746547,buy
1498343076,39442597,0.00020059,10.98100603,buy
1498343076,39442593,0.00020059,84.18749688,buy
1498343076,39442592,0.00020059,0.79405753,buy
1498343076,39442588,0.00020059,46.67246622,buy
1498343076,39442587,0.00020059,0.10359439,buy
1498343076,39442586,0.00020059,300,buy
1498343075,39442585,0.00020059,0.78054738,buy
1498343075,39442583,0.00020059,5.98404706,buy
1498343075,39442581,0.00020059,0.10179969,buy
1498343074,39442567,0.00020059,7.6003988,buy
1498343074,39442566,0.00020059,0.99137587,buy
1498343074,39442565,0.00020059,0.12931206,buy
1498343074,39442562,0.00020059,58.26979062,buy
1498343074,39442559,0.00020059,8.73758723,buy
1498343074,39442558,0.00020059,0.14865403,buy
1498343074,39442557,0.00020059,1.13968095,buy
1498343070,39442532,0.00020059,98.61841812,buy
1498343068,39442524,0.00020059,69.32630528,buy
1498343068,39442522,0.00020059,37.33466274,buy
1498343068,39442521,0.00020059,0.63522608,buy
1498343068,39442520,0.00020059,4.86973428,buy
1498343067,39442516,0.00020059,0.33471259,buy
1498343067,39442515,0.00020059,2.56603021,buy
1498343061,39442498,0.00020059,3541.69,buy
1498343024,39442435,0.00020001,0.3,sell
1498343002,39442412,0.00020059,10,buy
1498342985,39442403,0.00020059,59.68886784,buy
1498342976,39442390,0.00020059,50,buy
1498342951,39442333,0.00020059,75,buy
1498342930,39442268,0.00020059,2026.22723,buy
1498342929,39442262,0.0002,0.3,sell
1498342921,39442244,0.00020059,3.40595517,buy
1498342880,39442141,0.0002,0.86427781,sell
1498342873,39442122,0.00020059,100,buy
1498342872,39442119,0.0002,0.88702327,sell
1498342871,39442112,0.0002,2.67835888,sell
1498342850,39442048,0.00020079,156.6332235,sell
1498342850,39442047,0.0002008,0.4699008,buy
1498342828,39442019,0.0002008,10,buy
1498342818,39442000,0.0002008,20,buy
1498342797,39441974,0.0002008,500,buy
1498342780,39441965,0.0002,3454.730444,sell
1498342780,39441964,0.00020001,20.85756335,sell
1498342780,39441963,0.0002001,1000,sell
1498342780,39441962,0.0002001,200,sell
1498342780,39441961,0.00020079,504.483042,sell
1498342773,39441954,0.00020079,50.15,sell
1498342768,39441952,0.0002008,1000,buy
1498342757,39441943,0.0002008,200,buy
1498342751,39441935,0.0002008,51,buy
1498342740,39441932,0.0002008,140.1996514,buy
1498342721,39441885,0.0002008,10000,buy
1498342679,39441863,0.00020079,13.58847857,sell
1498342623,39441835,0.0002008,214.8734064,buy
1498342602,39441794,0.0002008,10.26908566,buy
1498342585,39441743,0.0002008,500,buy
1498342567,39441724,0.0002008,406,buy
1498342516,39441641,0.00019952,17.64063568,sell
1498342515,39441640,0.00019952,7.27061733,sell
1498342512,39441632,0.0002003,10.37001835,sell
1498342509,39441631,0.0002008,6518.75996,buy
1498342509,39441630,0.0002005,8378.882882,buy
1498342509,39441629,0.00020031,17.64063568,buy
1498342509,39441628,0.00020031,17.64063568,buy
1498342509,39441627,0.0002003,131.7187172,sell
1498342500,39441613,0.0002003,46.91126446,sell
1498342500,39441612,0.00020032,152.3758602,sell
1498342500,39441611,0.00020032,17.64063568,sell
1498342499,39441609,0.00020032,55.47994781,sell
1498342499,39441605,0.00020032,55.47994781,sell
1498342494,39441600,0.00020032,23.19524404,sell
1498342493,39441599,0.00020032,23.51748077,sell
1498342493,39441597,0.00020032,23.51748077,sell
1498342492,39441594,0.00020032,23.51748077,sell
1498342481,39441586,0.00020032,12.26384285,sell
1498342481,39441585,0.00020032,0.79343678,sell
1498342480,39441582,0.00020032,0.26464128,sell
1498342480,39441580,0.00020032,2.02891648,sell
1498342480,39441577,0.00020032,15.55502644,sell
1498342480,39441574,0.00020032,0.10349174,sell
1498342480,39441573,0.00020032,6.08301527,sell
1498342480,39441566,0.00020032,81.92620097,sell
1498342418,39441518,0.0002007,50,buy
1498342412,39441514,0.0002008,46323.82351,buy
1498342412,39441513,0.00020079,27.55263391,buy
1498342412,39441512,0.0002007,53648.62385,buy
1498342407,39441507,0.0002007,5334.376147,buy
1498342407,39441506,0.0002007,94609.86175,buy
1498342407,39441505,0.00020049,5.4527,buy
1498342407,39441504,0.00020048,50.30940737,buy
1498342400,39441498,0.0002007,448.6331464,buy
1498342400,39441497,0.00020066,3.70539992,buy
1498342400,39441496,0.0002006,1,buy
1498342400,39441495,0.0002006,58983,buy
1498342400,39441494,0.0002006,40438.30339,buy
1498342400,39441493,0.00020048,125.3580615,buy
1498342395,39441484,0.0002006,54620.1915,buy
1498342395,39441483,0.00020059,75.24903785,buy
1498342395,39441482,0.0002005,45304.55946,buy
1498342394,39441478,0.0002005,13678.44054,buy
1498342394,39441477,0.0002005,86206.74775,buy
1498342394,39441476,0.00020039,114.81171,buy
1498342393,39441474,0.0002005,8851.74714,buy
1498342393,39441473,0.0002004,1,buy
1498342393,39441472,0.0002004,58983,buy
1498342393,39441471,0.0002004,32164.25286,buy
1498342391,39441470,0.0002004,62894.24203,buy
1498342391,39441469,0.0002003,37105.75797,buy
1498342389,39441468,0.0002003,21877.24203,buy
1498342389,39441467,0.0002003,78122.75797,buy
1498342387,39441465,0.0002003,16935.73692,buy
1498342387,39441464,0.0002002,258,buy
1498342387,39441463,0.0002002,1,buy
1498342387,39441462,0.0002002,50000,buy
1498342387,39441461,0.0002002,32805.26308,buy
1498342386,39441460,0.0002002,26177.73692,buy
1498342386,39441459,0.0002002,73822.26308,buy
1498342384,39441458,0.0002002,1942.69558,buy
1498342384,39441457,0.0002001,9944,buy
1498342384,39441456,0.0002001,50000,buy
1498342384,39441455,0.0002001,38113.30442,buy
1498342382,39441454,0.0002001,56808.12358,buy
1498342382,39441453,0.0002,43191.87642,buy
1498342380,39441450,0.0002,41141.12358,buy
1498342380,39441449,0.0002,15,buy
1498342380,39441448,0.0002,216,buy
1498342380,39441447,0.0002,1450,buy
1498342380,39441446,0.0002,9514,buy
1498342380,39441445,0.0002,24607.34798,buy
1498342380,39441444,0.0001999,5896,buy
1498342380,39441443,0.0001999,17160.52844,buy
1498342379,39441440,0.0001999,12722.52865,buy
1498342379,39441439,0.0001999,71553,buy
1498342379,39441438,0.00019989,7000,buy
1498342379,39441437,0.0001998,8724.471353,buy
1498342377,39441434,0.0001998,57623.52865,buy
1498342377,39441433,0.0001998,1000,buy
1498342377,39441432,0.0001997,23416,buy
1498342377,39441431,0.0001997,5003.312464,buy
1498342377,39441430,0.0001996,5996,buy
1498342377,39441429,0.0001996,6950.323033,buy
1498342377,39441428,0.00019952,10.8358553,buy
1498342355,39441397,0.0001991,0.3,sell
1498342295,39441317,0.00019958,39.1641447,buy
1498342260,39441306,0.0001991,0.3,sell
1498342217,39441283,0.0001991,1013.350091,sell
1498342217,39441282,0.0001991,2399.70609,sell
1498342217,39441281,0.00019912,50,sell
1498342217,39441280,0.00019912,15.99070912,sell
1498342217,39441279,0.0001992,704,sell
1498342217,39441278,0.0001993,105.1179127,sell
1498342217,39441277,0.0001994,255.673275,sell
1498342165,39441252,0.0001994,0.3,sell
1498342148,39441248,0.0001996,41.00929223,buy
1498342143,39441243,0.0001995,50.54997481,sell
1498342073,39441167,0.0001994,44.02672504,sell
1498342073,39441166,0.0001994,0.93014042,sell
1498342073,39441165,0.0001994,30.04313454,sell
1498342069,39441150,0.0001994,0.3,sell
1498342063,39441126,0.0001996,133.1473447,buy
1498342063,39441124,0.0001996,125.6215932,buy
1498342063,39441121,0.0001996,100,buy
1498341974,39440990,0.0001994,0.3,sell
1498341912,39440949,0.0001995,136.5754991,buy
1498341911,39440948,0.0001995,68.36808617,buy
1498341911,39440946,0.0001995,136.5207833,buy
1498341805,39440830,0.0001996,1385,buy
1498341715,39440795,0.0001994,7.85,sell
1498341708,39440791,0.0001994,100,sell
1498341702,39440788,0.0001994,861.5068655,sell
1498341702,39440787,0.0001994,1814.469389,sell
1498341702,39440786,0.00019941,157.1237456,sell
1498341677,39440776,0.0001996,12.08009926,buy
1498341670,39440759,0.0001996,50,buy
1498341655,39440716,0.0001996,39.47915832,buy
1498341633,39440713,0.0001996,100,buy
1498341631,39440712,0.0001996,7.16002004,buy
1498341631,39440711,0.0001996,150.0598196,buy
1498341631,39440710,0.0001996,150.0598196,buy
1498341630,39440709,0.0001996,150.0598196,buy
1498341629,39440708,0.0001996,150.0598196,buy
1498341615,39440700,0.0001996,100,buy
1498341577,39440681,0.0001996,100,buy
1498341552,39440659,0.0001996,142.9,buy
1498341497,39440594,0.0001996,113.0401804,buy
1498341473,39440589,0.0001995,5358.1,buy
1498341355,39440398,0.0001994,65.53061105,sell
1498341330,39440335,0.0001995,15.9,buy
1498341298,39440321,0.0001995,450,buy
1498341290,39440317,0.0001995,72,buy
1498341195,39440231,0.0001997,725.6875356,buy
1498341195,39440230,0.0001996,1648.312464,buy
1498341186,39440217,0.0001996,3351.687536,sell
1498341147,39440200,0.00019965,0.5,sell
1498341144,39440197,0.00019965,0.5,sell
1498341140,39440194,0.0001997,267,buy
1498341073,39440155,0.0001996,405.3124644,buy
1498341020,39440127,0.0001996,200,buy
1498341007,39440113,0.0001996,193.6875356,buy
1498341007,39440112,0.0001996,806.3124644,buy
1498340977,39440036,0.0001996,320,buy
1498340977,39440035,0.0001996,1000,buy
1498340945,39439974,0.0001996,41,buy
1498340944,39439973,0.0001996,3728.687536,buy
1498340944,39439972,0.0001996,671.3124644,buy
1498340913,39439930,0.0001996,1000,buy
1498340866,39439854,0.0001996,1498.847695,buy
1498340859,39439850,0.0001996,2500,buy
1498340823,39439788,0.0001996,10.60011232,buy
1498340823,39439786,0.0001996,102.9312305,buy
1498340823,39439784,0.0001996,28.84930817,buy
1498340822,39439778,0.0001996,113.8518523,buy
1498340822,39439776,0.0001996,14.85024197,buy
1498340822,39439769,0.0001996,72.71662337,buy
1498340822,39439768,0.0001996,9.48477693,buy
1498340822,39439764,0.0001996,31.93213994,buy
1498340798,39439697,0.0001996,34.39844208,buy
1498340798,39439696,0.0001996,4.48675332,buy
1498340798,39439693,0.0001996,0.58522869,buy
1498340798,39439692,0.0001996,263.7213893,buy
1498340794,39439686,0.0001996,325.9580698,buy
1498340793,39439685,0.0001996,0.71598196,buy
1498340793,39439684,0.0001996,5.48937875,buy
1498340793,39439683,0.0001996,42.08507014,buy
1498340792,39439682,0.0001996,81.18289332,buy
1498340792,39439681,0.0001996,1.38118344,buy
1498340792,39439680,0.0001996,10.58907304,buy
1498340792,39439679,0.0001996,0.18015436,buy
1498340792,39439669,0.0001996,0.16222803,buy
1498340792,39439668,0.0001996,9.53540288,buy
1498340792,39439667,0.0001996,73.10475544,buy
1498340792,39439666,0.0001996,1.2437482,buy
1498340792,39439665,0.0001996,2.85285613,buy
1498340792,39439664,0.0001996,0.37211167,buy
1498340792,39439663,0.0001996,167.6845432,buy
1498340792,39439662,0.0001996,21.87189694,buy
1498340790,39439659,0.0001996,224.196716,buy
1498340790,39439657,0.0001996,29.24304992,buy
1498340790,39439656,0.0001996,0.49751881,buy
1498340790,39439655,0.0001996,3.81431086,buy
1498340790,39439652,0.0001996,315.0058485,buy
1498340789,39439649,0.0001996,2.8962834,buy
1498340789,39439648,0.0001996,124.2020498,buy
1498340789,39439647,0.0001996,68.43380562,buy
1498340789,39439645,0.0001996,8.92614856,buy
1498340789,39439644,0.0001996,0.15186263,buy
1498340789,39439643,0.0001996,1.16428025,buy
1498340789,39439642,0.0001996,95.0217518,buy
1498340789,39439641,0.0001996,95.0217518,buy
1498340788,39439625,0.0001996,312.5613495,buy
1498340788,39439622,0.0001996,215.9301087,buy
1498340786,39439618,0.0001996,223.6789471,buy
1498340786,39439617,0.0001996,268.6015924,buy
1498340786,39439613,0.0001996,177.6378376,buy
1498340786,39439611,0.0001996,176.6209954,buy
1498340785,39439605,0.0001996,282.2461556,buy
1498340784,39439579,0.0001996,88.58676261,buy
1498340783,39439573,0.0001996,305.956789,buy
1498340783,39439567,0.0001996,242.8148035,buy
1498340782,39439561,0.0001996,229.0695808,buy
1498340782,39439550,0.0001996,229.0695808,buy
1498340781,39439543,0.0001996,227.9012064,buy
1498340780,39439534,0.0001996,63.44592773,buy
1498340780,39439530,0.0001996,0.17525616,buy
1498340780,39439529,0.0001996,66.07199323,buy
1498340780,39439528,0.0001996,1.34363054,buy
1498340780,39439527,0.0001996,10.30116747,buy
1498340780,39439526,0.0001996,28.54327228,buy
1498340780,39439522,0.0001996,0.48561332,buy
1498340780,39439520,0.0001996,218.8317542,buy
1498340780,39439518,0.0001996,3.72303552,buy
1498340779,39439503,0.0001996,140.4534941,buy
1498340770,39439445,0.0001996,9.02729646,buy
1498340769,39439443,0.0001996,9.02064091,buy
1498340769,39439441,0.0001996,9.02064091,buy
1498340769,39439440,0.0001996,9.02064091,buy
1498340769,39439436,0.0001996,9.02064091,buy
1498340768,39439433,0.0001996,9.02064091,buy
1498340768,39439429,0.0001996,9.02064091,buy
1498340768,39439428,0.0001996,9.02064091,buy
1498340767,39439426,0.0001996,9.02064091,buy
1498340767,39439423,0.0001996,118.913042,buy
1498340753,39439391,0.0001996,20.15569047,buy
1498340752,39439388,0.0001996,0.36754423,buy
1498340752,39439385,0.0001996,21.6034332,buy
1498340752,39439382,0.0001996,0.36754423,buy
1498340752,39439381,0.0001996,165.6263212,buy
1498340752,39439380,0.0001996,2.81783911,buy
1498340744,39439374,0.0001996,10000,buy
1498340742,39439373,0.0001996,90.35642585,buy
1498340739,39439364,0.0001996,51.57362994,buy
1498340736,39439342,0.0001996,131.2618142,buy
1498340733,39439330,0.0001996,199.8478835,buy
1498340730,39439315,0.0001996,213.7753111,buy
1498340729,39439305,0.0001996,10000,buy
1498340707,39439229,0.0001996,25.76414144,buy
1498340707,39439224,0.0001996,212.7540217,buy
1498340707,39439222,0.0001996,75.83574579,buy
1498340704,39439209,0.0001996,192.4302178,buy
1498340694,39439146,0.0001996,70.94474412,buy
1498340693,39439144,0.0001996,70.94474412,buy
1498340693,39439142,0.0001996,70.94474412,buy
1498340692,39439140,0.0001996,70.94474412,buy
1498340692,39439136,0.0001996,3.4899122,buy
1498340691,39439133,0.0001996,70.94474412,buy
1498340688,39439121,0.0001996,10000,buy
1498340688,39439118,0.0001996,805.5395,buy
1498340688,39439117,0.0001995,5846,buy
1498340688,39439116,0.0001995,3348.4605,buy
1498340688,39439114,0.0001995,287.51,buy
1498340688,39439113,0.0001994,5896,buy
1498340688,39439112,0.0001994,3816.49,buy
1498340680,39439078,0.0001993,23.4138,buy
1498340680,39439077,0.0001993,47.53094412,buy
1498340651,39439062,0.0001993,39.46507107,buy
1498340610,39439015,0.0001993,87.11973721,buy
1498340609,39439011,0.0001993,155.0052607,buy
1498340606,39439006,0.0001993,124.354767,buy
1498340589,39438961,0.0001993,46.52421991,sell
1498340581,39438957,0.0001993,1852.211355,buy
1498340568,39438950,0.0001992,500,sell
1498340543,39438927,0.0001993,12.60173176,buy
1498340542,39438926,0.0001993,11.77350059,buy
1498340542,39438923,0.0001993,39.46507107,buy
1498340541,39438919,0.0001993,39.46507078,buy
1498340540,39438918,0.0001993,39.46507078,buy
1498340540,39438909,0.0001993,39.46507078,buy
1498340539,39438902,0.0001993,37.2171479,buy
1498340536,39438898,0.0001993,4.4472026,buy
1498340532,39438890,0.0001993,1014,buy
1498340522,39438887,0.0001993,10,buy
1498340500,39438877,0.0001993,172.3044137,buy
1498340500,39438876,0.0001993,55.17926743,buy
1498340499,39438874,0.0001993,44.30067692,buy
1498340493,39438866,0.0001993,2474.104421,buy
1498340493,39438865,0.0001993,3816.49,buy
1498340493,39438864,0.0001992,3709.405579,buy
1498340492,39438859,0.0001992,37.88863544,buy
1498340483,39438851,0.0001992,151.29001,buy
1498340477,39438849,0.0001992,113.8043986,buy
1498340439,39438807,0.0001992,2.63470237,buy
1498340438,39438804,0.0001992,2.63470237,buy
1498340438,39438801,0.0001992,2.63470237,buy
1498340437,39438799,0.0001992,2.63470237,buy
1498340430,39438792,0.0001992,1823.072568,buy
1498340430,39438791,0.0001992,2648.549843,buy
1498340429,39438789,0.0001992,115.9603671,buy
1498340426,39438782,0.0001992,761.61445,buy
1498340408,39438780,0.0001992,260.786131,buy
1498340407,39438775,0.0001992,125.3392085,buy
1498340387,39438747,0.0001991,15716.09891,buy
1498340383,39438739,0.0001991,15.44726268,buy
1498340383,39438738,0.0001991,118.4290809,buy
1498340382,39438737,0.0001991,104.0321273,buy
1498340381,39438733,0.0001991,10.20013809,buy
1498340381,39438729,0.0001991,9.08964495,buy
1498340378,39438715,0.0001991,46.62902912,buy
1498340378,39438708,0.0001991,10.19506063,buy
1498340377,39438705,0.0001991,9.08512029,buy
1498340375,39438702,0.0001991,200.6372944,buy
1498340374,39438693,0.0001991,10.19506063,buy
1498340374,39438692,0.0001991,10.17906861,buy
1498340373,39438689,0.0001991,110.1087393,buy
1498340373,39438687,0.0001991,69.54339527,buy
1498340373,39438685,0.0001991,9.07086891,buy
1498340373,39438684,0.0001991,110.1925735,buy
1498340372,39438681,0.0001991,140.6178805,buy
1498340371,39438676,0.0001991,250.8104251,buy
1498340371,39438675,0.0001991,8.97046519,buy
1498340371,39438672,0.0001991,325.7340584,buy
1498340370,39438669,0.0001991,109.1508952,buy
1498340370,39438666,0.0001991,96.31617146,buy
1498340370,39438664,0.0001991,52.38563758,buy
1498340369,39438663,0.0001991,7456.881094,buy
1498340369,39438662,0.0001991,226.7949064,buy
1498340369,39438660,0.0001991,5.67700355,buy
1498340369,39438656,0.0001991,10.76955985,buy
1498340369,39438654,0.0001991,372.9037026,buy
1498340369,39438651,0.0001991,372.9037026,buy
1498340368,39438645,0.0001991,256.267319,buy
1498340368,39438642,0.0001991,161.3534972,buy
1498340368,39438639,0.0001991,10.76955985,buy
1498340368,39438626,0.0001991,94.4383128,buy
1498340367,39438624,0.0001991,134.1318411,buy
1498340346,39438600,0.0001991,800,buy
1498340326,39438599,0.0001991,58.74550477,buy
1498340325,39438594,0.0001991,49.54947367,buy
1498340312,39438577,0.0001991,1495.222551,buy
1498340302,39438558,0.0001991,27.18385503,buy
1498340295,39438525,0.000199,97.52399479,sell
1498340295,39438524,0.000199,161.6312563,sell
1498340266,39438490,0.0001991,6.77780943,buy
1498340218,39438423,0.0001991,136.4902923,buy
1498340218,39438415,0.0001991,3.59126638,buy
1498340217,39438413,0.0001991,3.59126638,buy
1498340217,39438409,0.0001991,3.59126638,buy
1498340216,39438386,0.0001991,3.59126638,buy
1498340216,39438384,0.0001991,3.59126638,buy
1498340190,39438347,0.0001991,20.87130396,buy
1498340190,39438345,0.0001991,15.74511657,buy
1498340190,39438344,0.0001991,8.96573391,buy
1498340189,39438339,0.0001991,8.96573391,buy
1498340186,39438331,0.0001991,17.97990324,buy
1498340186,39438327,0.0001991,41.0051851,buy
1498340185,39438325,0.0001991,41.0051851,buy
1498340109,39438184,0.0001991,30.03003003,buy
1498340109,39438179,0.0001991,30.03003003,buy
1498340099,39438149,0.000199,2,sell
1498340077,39438117,0.0001991,166,buy
1498340050,39438098,0.0001991,32.94766449,buy
1498340041,39438060,0.0001991,16.95167002,buy
1498340041,39438059,0.0001991,31.61612167,buy
1498340041,39438058,0.0001991,15.24368319,buy
1498340040,39438057,0.0001991,15.23941936,buy
1498340040,39438056,0.0001991,24.94706762,buy
1498340040,39438054,0.0001991,116.7936131,buy
1498340040,39438053,0.0001991,15.23397864,buy
1498340039,39438051,0.0001991,15.89229289,buy
1498340039,39438046,0.0001991,16.5610066,buy
1498340039,39438042,0.0001991,12.00746732,buy
1498340039,39438041,0.0001991,92.05702896,buy
1498340039,39438038,0.0001991,11.14842924,buy
1498340038,39438034,0.0001991,11.14842924,buy
1498340038,39438032,0.0001991,11.14842924,buy
1498340033,39438025,0.0001991,100,buy
1498340026,39438021,0.0001991,100,buy
1498340025,39438017,0.0001991,210.4101387,buy
1498340021,39437995,0.0001991,139.9761257,buy
1498340014,39437978,0.0001991,37.21710316,buy
1498340014,39437976,0.0001991,200.9268856,buy
1498340014,39437975,0.0001991,100.9197761,buy
1498340014,39437967,0.0001991,64.11654706,buy
1498340013,39437965,0.0001991,10.71367688,buy
1498340011,39437961,0.0001991,400,buy
1498339988,39437928,0.0001991,3150,buy
1498339988,39437927,0.00019909,1850,buy
1498339986,39437921,0.000199,220.4387283,buy
1498339970,39437907,0.000199,795.2819523,buy
1498339970,39437906,0.000199,3204.718048,buy
1498339966,39437903,0.000199,966,buy
1498339961,39437897,0.000199,253,buy
1498339934,39437866,0.00019899,4,sell
1498339933,39437865,0.000199,25.68520848,buy
1498339930,39437861,0.000199,25.68520848,buy
1498339915,39437853,0.000199,26.93276544,buy
1498339915,39437852,0.000199,8.36237069,buy
1498339858,39437805,0.0001989,4017.455073,buy
1498339858,39437804,0.00019889,116.5154977,buy
1498339848,39437803,0.0001989,18.55243093,buy
1498339848,39437802,0.00019889,116.4475691,buy
1498339847,39437801,0.0001981,167.9402406,sell
1498339847,39437800,0.0001984,15.6121903,sell
1498339847,39437799,0.00019842,116.4475691,sell
1498339839,39437798,0.0001989,1650,buy
1498339838,39437797,0.0001981,467.3448594,sell
1498339838,39437796,0.00019829,15.6121903,sell
1498339838,39437795,0.00019835,17.04295027,sell
1498339836,39437793,0.0001981,484.3878097,sell
1498339836,39437792,0.00019832,15.6121903,sell
1498339835,39437791,0.0001981,79.6454046,sell
1498339835,39437790,0.0001981,300,sell
1498339835,39437789,0.0001981,83.32179795,sell
1498339835,39437788,0.00019827,15.6121903,sell
1498339835,39437787,0.00019831,21.42060715,sell
1498339831,39437786,0.0001981,66.67820205,sell
1498339831,39437785,0.0001981,300,sell
1498339831,39437784,0.00019813,100,sell
1498339831,39437783,0.00019814,17.70960765,sell
1498339831,39437782,0.00019832,15.6121903,sell
1498339792,39437767,0.00019868,0.3,sell
1498339790,39437766,0.0001989,150.3590955,buy
1498339785,39437749,0.00019814,130.9185604,sell
1498339785,39437748,0.00019815,5.08143965,sell
1498339785,39437747,0.0001989,0.2274007,buy
1498339721,39437714,0.0001989,136,buy
1498339688,39437657,0.00019814,43.92029927,sell
1498339688,39437656,0.00019847,71.46751043,sell
1498339688,39437655,0.0001985,4,sell
1498339688,39437654,0.00019851,15.6121903,sell
1498339688,39437653,0.000199,52.5420603,buy
1498339665,39437638,0.0001989,900,sell
1498339665,39437637,0.0001989,20072.59444,sell
1498339649,39437615,0.000199,135,buy
1498339646,39437614,0.000199,134,buy
1498339639,39437612,0.000199,50,buy
1498339623,39437604,0.000199,89.80135678,buy
1498339623,39437603,0.00019899,116.4979751,buy
1498339612,39437596,0.0001989,4,sell
1498339609,39437595,0.00019891,30,sell
1498339609,39437594,0.00019891,30,sell
1498339609,39437593,0.00019891,10,sell
1498339609,39437592,0.000199,1,buy
1498339504,39437475,0.000199,20,buy
1498339478,39437451,0.0001989,30,sell
1498339478,39437450,0.0001989,4393.405559,buy
1498339459,39437437,0.0001989,0.72,buy
1498339456,39437434,0.00019847,28.53248957,sell
1498339456,39437433,0.0001986,0.15892794,sell
1498339456,39437432,0.00019862,1.30858249,sell
1498339456,39437431,0.0001989,331.8285571,buy
1498339394,39437390,0.0001989,120,buy
1498339391,39437386,0.0001989,130,buy
1498339317,39437318,0.0001989,250,buy
1498339310,39437310,0.0001989,150.0842694,buy
1498339310,39437309,0.0001989,0.1,buy
1498339309,39437304,0.0001989,0.1,buy
1498339307,39437299,0.0001989,0.1,buy
1498339304,39437297,0.0001989,52.36844326,buy
1498339299,39437269,0.0001989,6.64968297,buy
1498339299,39437268,0.0001989,50.98090275,buy
1498339298,39437261,0.00019891,6.64968297,sell
1498339298,39437260,0.00019891,50.98090275,sell
1498339294,39437254,0.000199,30.27226647,buy
1498339294,39437253,0.000199,12.54488981,buy
1498339294,39437252,0.0001989,405.1006615,buy
1498339293,39437248,0.0001989,221.9689476,buy
1498339293,39437246,0.0001989,12.23463074,buy
1498339293,39437242,0.0001989,213.7142394,buy
1498339291,39437238,0.0001989,1,buy
1498339290,39437235,0.0001989,1,buy
1498339286,39437228,0.0001989,5,buy
1498339279,39437206,0.0001989,10,buy
1498339266,39437189,0.0001989,249.3743329,buy
1498339263,39437182,0.0001989,1,buy
1498339262,39437181,0.0001989,407.239819,buy
1498339261,39437179,0.0001989,172.6000663,buy
1498339248,39437166,0.0001989,203.7794774,buy
1498339235,39437142,0.00019889,45,buy
1498339208,39437127,0.0001989,1800,sell
1498339208,39437126,0.00019891,1839.229444,sell
1498339208,39437125,0.00019892,0.72638122,sell
1498339179,39437101,0.00019899,1,buy
1498339172,39437083,0.0001989,258.0673182,buy
1498339172,39437082,0.00019889,134.4006891,buy
1498339156,39437061,0.0001989,109.8978884,sell
1498339156,39437060,0.0001989,5041.709009,sell
1498339156,39437059,0.00019891,134.2937846,sell
1498339130,39437009,0.0001989,3958.290991,buy
1498339128,39436988,0.0001989,200,buy
1498339124,39436971,0.0001989,1347.854801,sell
1498339124,39436970,0.00019891,37.82220739,sell
1498339088,39436930,0.000199,10,buy
1498339069,39436910,0.000199,10,buy
1498339053,39436886,0.000199,195.7719169,buy
1498339053,39436885,0.000199,115.2985925,buy
1498339043,39436879,0.0001989,2.77961279,sell
1498339043,39436878,0.00019891,1.22038721,sell
1498339038,39436863,0.000199,10,buy
1498339023,39436849,0.000199,105.568593,buy
1498339022,39436846,0.000199,184.3792837,buy
1498339001,39436817,0.000199,7.186284,buy
1498338971,39436734,0.0001989,4,sell
1498338953,39436665,0.000199,172.2511558,buy
1498338926,39436565,0.0001989,11.68954249,sell
1498338926,39436564,0.0001989,3227.710458,sell
1498338918,39436538,0.0001989,5845.772211,buy
1498338900,39436509,0.0001988,3423.6,sell
1498338897,39436469,0.0001989,0.22778894,buy
1498338884,39436423,0.0001988,1606.393031,buy
1498338857,39436377,0.0001988,12.89236284,buy
1498338848,39436319,0.0001988,8.86481515,buy
1498338846,39436301,0.0001988,0.37004114,buy
1498338846,39436300,0.0001988,21.75019558,buy
1498338846,39436299,0.0001988,2.83698202,buy
1498338846,39436296,0.0001988,8.86463782,buy
1498338846,39436281,0.0001988,1.15628772,buy
1498338845,39436277,0.0001988,13.02243917,buy
1498338845,39436269,0.0001988,0.93781879,buy
1498338845,39436267,0.0001988,7.18994401,buy
1498338844,39436255,0.0001988,50.04890918,buy
1498338824,39436214,0.0001988,0.1,buy
1498338796,39436151,0.0001988,500,buy
1498338785,39436142,0.0001988,100,buy
1498338757,39436141,0.0001988,70.42253521,buy
1498338736,39436118,0.0001988,192,buy
1498338730,39436112,0.0001988,599.15,buy
1498338584,39435851,0.0001989,452.2613065,buy
1498338580,39435844,0.000199,699.4691438,buy
1498338580,39435843,0.000199,699.4691438,buy
1498338579,39435842,0.000199,699.4691438,buy
1498338578,39435839,0.000199,0.11925454,buy
1498338577,39435838,0.000199,699.4691438,buy
1498338563,39435814,0.0001989,12041.8,sell
1498338563,39435813,0.0001989,8502.168046,sell
1498338559,39435803,0.000199,4.53085618,buy
1498338553,39435755,0.0001989,7.43375359,sell
1498338553,39435754,0.0001989,3525.95,sell
1498338530,39435711,0.0001991,200,buy
1498338529,39435708,0.0001989,6.2482,sell
1498338523,39435697,0.0001989,12041.8,buy
1498338518,39435690,0.0001989,7005.754578,buy
1498338508,39435672,0.0001989,523.4205128,buy
1498338498,39435669,0.0001989,132.6309194,buy
1498338495,39435665,0.000199,193.8371218,buy
1498338399,39435388,0.0001995,180.5195,buy
1498338399,39435387,0.00019936,19.4805,buy
1498338389,39435355,0.0001984,2.999,buy
1498338389,39435354,0.0001984,12.6131903,buy
1498338389,39435349,0.0001984,50.77520302,buy
1498338388,39435346,0.0001984,4.67138625,buy
1498338388,39435345,0.0001983,66.38739332,buy
1498338388,39435335,0.0001983,59.40580354,buy
1498338387,39435333,0.0001983,77.97883083,buy
1498338387,39435331,0.0001983,368.4469956,buy
1498338387,39435326,0.0001983,93.93988833,buy
1498338387,39435324,0.0001983,58.75804126,buy
1498338387,39435321,0.0001983,85.39992878,buy
1498338386,39435319,0.0001983,71.05877957,buy
1498338385,39435316,0.0001983,76.67378223,buy
1498338385,39435313,0.0001983,103.520866,buy
1498338385,39435310,0.0001983,96.31343511,buy
1498338385,39435307,0.0001983,100.8751701,buy
1498338384,39435302,0.0001983,127.648685,buy
1498338384,39435301,0.0001983,67.06257309,buy
1498338383,39435296,0.0001983,65.57390044,buy
1498338383,39435295,0.0001983,73.47958507,buy
1498338383,39435290,0.0001983,78.17106687,buy
1498338383,39435279,0.0001983,71.05877957,buy
1498338382,39435275,0.0001983,67.93100703,buy
1498338382,39435269,0.0001983,60.99759016,buy
1498338382,39435263,0.0001983,61.45327435,buy
1498338382,39435258,0.0001983,68.98178707,buy
1498338382,39435257,0.0001983,15.62007158,buy
1498338382,39435256,0.0001983,81.6703592,buy
1498338381,39435251,0.0001983,2977.828098,buy
1498338381,39435250,0.0001983,35.42005046,buy
1498338381,39435244,0.0001983,138.115336,buy
1498338380,39435242,0.0001983,16.08236381,buy
1498338379,39435238,0.0001983,248.6474845,buy
1498338379,39435236,0.0001983,10.98473966,buy
1498338379,39435233,0.0001983,66.55762135,buy
1498338379,39435222,0.0001983,58.38823411,buy
1498338379,39435221,0.0001983,50.03910054,buy
1498338378,39435219,0.0001983,71.05877957,buy
1498338378,39435217,0.0001983,74.47059793,buy
1498338377,39435211,0.0001982,1.20145925,buy
1498338377,39435210,0.0001982,2976.626639,buy
1498338376,39435200,0.0001982,16.78618683,buy
1498338376,39435196,0.0001982,9.09637064,buy
1498338376,39435193,0.0001982,38.10954761,buy
1498338376,39435190,0.0001982,103.9512683,buy
1498338376,39435188,0.0001982,28.22970679,buy
1498338375,39435177,0.0001982,12.20342752,buy
1498338375,39435173,0.0001982,40.93360656,buy
1498338375,39435172,0.0001982,23.3645006,buy
1498338373,39435166,0.0001982,9.04607981,buy
1498338369,39435156,0.0001982,105.946998,buy
1498338369,39435151,0.0001982,70.43991105,buy
1498338368,39435147,0.0001982,74.38616743,buy
1498338368,39435145,0.0001982,38.29162188,buy
1498338368,39435144,0.0001981,29.91552728,buy
1498338359,39435132,0.0001981,42.29819873,buy
1498338359,39435129,0.0001981,112.8102449,buy
1498338359,39435125,0.0001981,105.9203198,buy
1498338358,39435121,0.0001981,210.4231405,buy
1498338358,39435117,0.0001981,185.8755767,buy
1498338358,39435111,0.0001981,126.2738361,buy
1498338357,39435106,0.0001981,82.33512777,buy
1498338356,39435102,0.0001981,66.05015942,buy
1498338356,39435097,0.0001981,85.26143545,buy
1498338356,39435095,0.0001981,85.51118846,buy
1498338355,39435093,0.0001981,2683.815245,sell
1498338346,39435075,0.0001981,3816.49,sell
1498338335,39435059,0.0001982,16.70238791,buy
1498338335,39435057,0.0001982,19.40871858,buy
1498338335,39435053,0.0001982,42.24682332,buy
1498338335,39435049,0.0001982,48.94688961,buy
1498338335,39435045,0.0001982,40.57168924,buy
1498338334,39435042,0.0001981,2451.121807,buy
1498338334,39435041,0.0001981,52.65515818,buy
1498338334,39435039,0.0001981,26.27621518,buy
1498338334,39435034,0.0001981,10.92212551,buy
1498338334,39435026,0.0001981,83.73463194,buy
1498338333,39435023,0.0001981,54.21594124,buy
1498338333,39435022,0.0001981,22.63828827,buy
1498338292,39434981,0.0001981,20,buy
1498338285,39434957,0.0001981,300,buy
1498338271,39434950,0.0001981,0.11927817,buy
1498338256,39434941,0.0001981,307.9,buy
1498338240,39434925,0.0001981,376.4915194,buy
1498338214,39434912,0.0001981,10.30503487,buy
1498338122,39434869,0.0001981,100,buy
1498338100,39434846,0.0001981,0.11,buy
1498337966,39434700,0.0001983,5050,buy
1498337931,39434642,0.0001983,10,buy
1498337890,39434590,0.0001984,439.746634,buy
1498337890,39434589,0.00019812,65.07440692,buy
1498337888,39434585,0.00019812,23.72370898,buy
1498337888,39434584,0.00019811,176.276291,buy
1498337878,39434569,0.0001981,600,buy
1498337874,39434567,0.00019782,72.28217511,sell
1498337874,39434560,0.00019782,131.5706077,sell
1498337874,39434559,0.00019783,65.30226242,sell
1498337864,39434543,0.00019788,100,buy
1498337861,39434536,0.0001978,131.5530044,sell
1498337861,39434535,0.00019781,65.31986569,sell
1498337821,39434492,0.0001979,800,sell
1498337821,39434491,0.0001979,1506.282314,sell
1498337820,39434484,0.0001979,135.3397333,sell
1498337820,39434483,0.0001979,76.3129646,sell
1498337820,39434482,0.0001979,22.71937174,sell
1498337820,39434481,0.0001979,50,sell
1498337820,39434480,0.0001979,32.54410084,sell
1498337820,39434468,0.0001979,67.45589916,sell
1498337820,39434467,0.0001979,100.2841954,sell
1498337820,39434465,0.0001979,84.60861857,sell
1498337818,39434462,0.0001979,72.28217511,sell
1498337817,39434457,0.0001979,72.77490015,sell
1498337816,39434455,0.0001979,105.2555064,sell
1498337816,39434453,0.0001979,76.52265654,sell
1498337814,39434443,0.0001979,188.2719478,sell
1498337814,39434442,0.0001979,160.7123995,sell
1498337761,39434363,0.00019832,3.1271295,buy
1498337761,39434362,0.00019829,196.8728705,buy
1498337735,39434317,0.0001979,1,sell
1498337722,39434295,0.0001979,63.17153463,sell
1498337722,39434292,0.0001982,63.17153463,sell
1498337721,39434287,0.0001982,72.08273671,sell
1498337721,39434286,0.0001982,72.08273671,sell
1498337594,39434086,0.0001982,159.2327282,buy
1498337536,39434056,0.0001983,1054.041633,buy
1498337519,39434050,0.0001984,69.44284274,buy
1498337510,39434040,0.0001984,828.5657413,buy
1498337510,39434039,0.00019819,71.43425869,buy
1498337500,39434013,0.0001979,675.1160659,buy
1498337491,39433992,0.0001979,224.8839341,sell
1498337467,39433955,0.0001979,1,buy
1498337467,39433954,0.0001979,774.1160659,buy
1498337451,39433921,0.0001979,75,buy
1498337450,39433920,0.0001979,100,buy
1498337445,39433917,0.0001979,30,buy
1498337432,39433881,0.0001979,134.4493684,buy
1498337399,39433858,0.0001979,1203.734361,buy
1498337366,39433779,0.0001979,41.02317718,buy
1498337361,39433772,0.0001975,308.7545225,sell
1498337361,39433771,0.0001975,5060,sell
1498337361,39433770,0.0001975,30379.746,sell
1498337361,39433769,0.00019751,19.5,sell
1498337361,39433768,0.00019751,990,sell
1498337361,39433767,0.00019752,958.49,sell
1498337344,39433747,0.00019752,1000,sell
1498337344,39433746,0.00019777,10,sell
1498337314,39433726,0.0001979,90.95502779,buy
1498337270,39433695,0.0001979,150,buy
1498337219,39433664,0.000198,1000,sell
1498337218,39433663,0.000198,74.84700653,sell
1498337218,39433662,0.000198,35.35,sell
1498337218,39433661,0.000198,164,sell
1498337190,39433645,0.0001981,440,sell
1498337190,39433644,0.0001982,345,sell
1498337190,39433643,0.0001984,0.02262097,sell
1498337190,39433642,0.0001984,1800.7,sell
1498337170,39433591,0.0001985,3300,buy
1498337158,39433555,0.0001983,699.98,buy
1498337147,39433540,0.0001982,170,buy
1498337130,39433532,0.0001983,500,buy
1498337120,39433521,0.0001983,0.02,sell
1498337114,39433516,0.0001983,0.4,sell
1498337110,39433488,0.0001984,7,buy
1498337087,39433436,0.0001984,1174.91063,buy
1498337057,39433415,0.0001985,300,buy
1498337037,39433401,0.0001986,1660.127954,buy
1498337037,39433400,0.00019859,60.02592272,buy
1498337013,39433358,0.0001986,3543.32714,buy
1498336990,39433298,0.0001983,1096,buy
1498336988,39433294,0.0001983,5,buy
1498336958,39433261,0.0001983,10,buy
1498336939,39433247,0.00019838,500.0284367,sell
1498336938,39433246,0.00019838,1999.971563,sell
1498336938,39433245,0.00019838,0.16192153,sell
1498336938,39433244,0.00019838,1278.966515,sell
1498336938,39433243,0.00019839,10,sell
1498336938,39433242,0.00019839,10,sell
1498336938,39433241,0.00019839,10,sell
1498336938,39433240,0.00019839,10,sell
1498336938,39433239,0.00019839,10,sell
1498336938,39433238,0.00019839,10,sell
1498336938,39433237,0.00019839,10,sell
1498336938,39433236,0.00019839,10,sell
1498336938,39433235,0.0001984,2500,sell
1498336938,39433234,0.00019848,0.4,sell
1498336938,39433233,0.0001985,500,sell
1498336921,39433193,0.0001987,0.2,buy
1498336879,39432967,0.00019838,221.0334849,sell
1498336854,39432836,0.00019838,1393.269,buy
1498336841,39432803,0.00019839,75,buy
1498336823,39432745,0.00019848,400,buy
1498336792,39432711,0.0001986,1107.296882,buy
1498336792,39432710,0.00019859,92.70311846,buy
1498336787,39432704,0.0001979,9,sell
1498336787,39432703,0.00019799,60,sell
1498336787,39432702,0.000198,92.653379,sell
1498336769,39432638,0.00019925,784.6037525,buy
1498336769,39432637,0.00019799,265.3962475,buy
1498336766,39432632,0.00019799,396.2737525,buy
1498336766,39432631,0.0001979,3309.278,buy
1498336766,39432630,0.00019789,94.44824748,buy
1498336755,39432602,0.0001979,20,buy
1498336730,39432570,0.0001979,270,buy
1498336657,39432523,0.00019789,2.57936227,buy
1498336656,39432522,0.00019786,1,buy
1498336645,39432503,0.00019789,4.05563905,buy
1498336644,39432501,0.0001998,6362.799218,buy
1498336644,39432500,0.0001995,4570.27,buy
1498336644,39432499,0.0001993,2593.158,buy
1498336644,39432498,0.00019928,601.26144,buy
1498336644,39432497,0.0001986,8944,buy
1498336644,39432496,0.0001986,2593.158,buy
1498336644,39432495,0.00019859,7668.122,buy
1498336644,39432494,0.000198,3599.278,buy
1498336644,39432493,0.00019799,100,buy
1498336644,39432492,0.0001979,3599.278,buy
1498336644,39432491,0.00019789,209.8587676,buy
1498336644,39432490,0.0001978,4158.816574,buy
1498336644,39432487,0.0001978,2,buy
1498336641,39432486,0.0001978,303.183426,buy
1498336635,39432430,0.0001978,2,buy
1498336634,39432429,0.0001978,500,buy
1498336624,39432419,0.0001978,3,buy
1498336621,39432417,0.0001978,30,buy
1498336617,39432414,0.0001978,1,buy
1498336610,39432395,0.0001975,70,sell
1498336583,39432366,0.0001979,308.3396015,buy
1498336583,39432365,0.00019789,191.6603985,buy
1498336580,39432360,0.00019789,11,buy
1498336548,39432335,0.0001979,11,buy
1498336535,39432326,0.0001979,700,buy
1498336516,39432314,0.0001979,50,buy
1498336508,39432292,0.0001979,1,buy
1498336504,39432288,0.0001971,100,sell
1498336498,39432284,0.0001979,500,buy
1498336485,39432245,0.0001985,7655.028095,sell
1498336485,39432241,0.0001985,105.684385,sell
1498336484,39432234,0.00019826,29.9439487,buy
1498336484,39432233,0.00019824,29.943949,buy
1498336484,39432232,0.00019803,979.089,buy
1498336484,39432231,0.00019802,0.31062242,buy
1498336484,39432230,0.000198,5000,buy
1498336480,39432221,0.000198,16,sell
1498336462,39432174,0.0001963,26.71068058,sell
1498336448,39432148,0.000198,9999.792918,buy
1498336448,39432147,0.00019799,0.20708161,buy
1498336401,39432101,0.0001982,100,buy
1498336376,39432058,0.0001982,0.9984879,buy
1498336375,39432057,0.0001963,1000,sell
1498336368,39432056,0.00019819,0.5,sell
1498336368,39432055,0.00019819,48,sell
1498336347,39432030,0.00019749,354,sell
1498336342,39432027,0.0001985,455.3078463,buy
1498336342,39432026,0.0001984,8944,buy
1498336342,39432025,0.0001983,3599.278,buy
1498336342,39432024,0.0001981,1,buy
1498336342,39432023,0.00019809,0.41415375,buy
1498336336,39432013,0.000198,169,buy
1498336334,39432012,0.000198,23,buy
1498336316,39431979,0.000198,131,buy
1498336315,39431978,0.000198,131,buy
1498336315,39431977,0.000198,131,buy
1498336315,39431976,0.000198,131,buy
1498336311,39431968,0.000198,131,buy
1498336311,39431967,0.000198,131,buy
1498336310,39431966,0.000198,131,buy
1498336310,39431965,0.000198,131,buy
1498336310,39431964,0.000198,131,buy
1498336310,39431963,0.000198,131,buy
1498336309,39431962,0.000198,131,buy
1498336309,39431961,0.000198,131,buy
1498336308,39431960,0.000198,131,buy
1498336307,39431959,0.000198,131,buy
1498336307,39431958,0.000198,131,buy
1498336307,39431957,0.000198,131,buy
1498336307,39431956,0.000198,131,buy
1498336306,39431955,0.000198,131,buy
1498336306,39431954,0.000198,131,buy
1498336306,39431953,0.000198,131,buy
1498336306,39431951,0.000198,131,buy
1498336305,39431950,0.000198,131,buy
1498336304,39431945,0.000198,131,buy
1498336304,39431944,0.000198,131,buy
1498336298,39431941,0.000198,131,buy
1498336292,39431937,0.000198,131,buy
1498336291,39431935,0.000198,40.58743693,buy
1498336287,39431933,0.000198,0.1,buy
1498336286,39431932,0.000198,0.1,buy
1498336286,39431931,0.000198,0.1,buy
1498336286,39431930,0.000198,0.1,buy
1498336285,39431928,0.000198,0.1,buy
1498336285,39431927,0.000198,0.1,buy
1498336283,39431924,0.000198,131,buy
1498336278,39431920,0.0001982,0.1,buy
1498336278,39431918,0.0001982,1.58583993,buy
1498336278,39431917,0.00019809,0.41416007,buy
1498336277,39431915,0.00019799,100,sell
1498336274,39431909,0.0001981,191.1669864,sell
1498336274,39431908,0.0001981,2092.107418,sell
1498336274,39431907,0.0001981,10000,sell
1498336260,39431884,0.0001982,1,buy
1498336258,39431883,0.0001982,354,buy
1498336258,39431882,0.0001982,1,buy
1498336257,39431880,0.0001982,1,buy
1498336255,39431875,0.0001982,50,buy
1498336253,39431866,0.0001982,2434,buy
1498336253,39431865,0.0001982,7601,buy
1498336253,39431864,0.0001982,50,buy
1498336252,39431862,0.0001981,2634.684211,sell
1498336252,39431861,0.0001982,1,buy
1498336247,39431842,0.0001981,50,sell
1498336242,39431827,0.0001982,242,buy
1498336238,39431826,0.0001982,50,buy
1498336229,39431820,0.0001982,1000,buy
1498336211,39431770,0.0001981,5000,sell
1498336204,39431761,0.000198,197,buy
1498336204,39431760,0.000198,4312.6803,buy
1498336204,39431759,0.00019799,3.31328055,buy
1498336204,39431758,0.0001979,5000,buy
1498336148,39431690,0.000198,43237.13561,buy
1498336148,39431689,0.00019799,1.65664027,buy
1498336148,39431688,0.00019785,19.6803,buy
1498336148,39431687,0.0001975,4566.969387,buy
1498336147,39431685,0.00019749,567.5829156,sell
1498336147,39431684,0.00019749,1932.417084,sell
1498336146,39431681,0.0001975,433.0306134,buy
1498336146,39431680,0.0001975,76.96938656,buy
1498336124,39431649,0.0001975,113.3868354,buy
1498336123,39431647,0.0001975,65,buy
1498336122,39431646,0.0001975,243.4,buy
1498336082,39431599,0.00019749,146.9667,sell
1498336023,39431499,0.00019749,6.27120484,buy
1498335980,39431416,0.00019671,157.4280575,sell
1498335976,39431409,0.000197,320,sell
1498335971,39431401,0.00019713,64.42877677,sell
1498335959,39431381,0.0001974,151.3924051,buy
1498335893,39431287,0.0001972,114.1470081,buy
1498335893,39431286,0.00019714,38,buy
1498335885,39431273,0.00019713,50,sell
1498335880,39431271,0.00019713,30.37612323,sell
1498335846,39431213,0.00019713,5.1951,sell
1498335833,39431196,0.00019671,148.0251469,buy
1498335800,39431116,0.000195,46.23489133,sell
1498335800,39431115,0.00019501,33.76510867,sell
1498335715,39430914,0.000195,4778.359084,sell
1498335715,39430913,0.0001951,2332.935065,sell
1498335715,39430912,0.00019511,27.99185145,sell
1498335709,39430898,0.00019561,476.1111395,sell
1498335709,39430897,0.00019562,10.04011846,sell
1498335709,39430896,0.00019561,17.8,sell
1498335708,39430894,0.00019561,22.4,sell
1498335708,39430891,0.0001955,17.80896191,sell
1498335708,39430890,0.0001955,22.4,sell
1498335708,39430889,0.0001955,21.88731459,sell
1498335708,39430888,0.00019563,0.51268541,sell
1498335708,39430886,0.00019563,22.4,sell
1498335707,39430885,0.0001955,23.4037235,sell
1498335707,39430884,0.00019562,8.3962765,sell
1498335706,39430883,0.00019563,8.4,sell
1498335705,39430882,0.00019563,9.8,sell
1498335705,39430881,0.00019562,1.3782235,sell
1498335705,39430880,0.00019563,25.5217765,sell
1498335678,39430838,0.00019589,0.03821665,buy
1498335678,39430837,0.00019589,199.9617834,buy
1498335678,39430836,0.00019588,141.9382167,buy
1498335637,39430769,0.000196,15.58242268,buy
1498335625,39430733,0.0001951,667.064935,sell
1498335625,39430732,0.0001954,5477.703705,sell
1498335625,39430731,0.00019541,19.7,sell
1498335625,39430730,0.0001955,100,sell
1498335625,39430729,0.000196,103.5313598,sell
1498335625,39430728,0.000196,2896.46864,sell
1498335625,39430727,0.000196,190,sell
1498335625,39430726,0.00019601,103.5313598,sell
1498335625,39430725,0.000197,1,sell
1498335625,39430724,0.00019705,500,sell
1498335623,39430722,0.0001971,3030.691928,sell
1498335619,39430711,0.0001971,7216.806517,sell
1498335619,39430710,0.00019754,86.36336944,sell
1498335619,39430709,0.00019756,103.3111133,sell
1498335586,39430636,0.0001971,152.5015552,sell
1498335586,39430635,0.00019711,110.3234424,sell
1498335581,39430625,0.0001979,1594.553562,buy
1498335541,39430545,0.0001975,2531.501619,buy
1498335536,39430539,0.0001976,1000,buy
1498335529,39430533,0.0001971,5000,sell
1498335522,39430513,0.0001972,2535.496957,sell
1498335522,39430512,0.0001972,2000,sell
1498335518,39430511,0.00019721,69.77426881,sell
1498335517,39430508,0.0001973,25,buy
1498335514,39430503,0.0001973,223.0514896,sell
1498335514,39430502,0.0001973,131.7865203,sell
1498335512,39430498,0.0001973,218.2340885,sell
1498335502,39430467,0.0001973,1016.979391,sell
1498335502,39430466,0.0001973,1159.093664,sell
1498335502,39430465,0.0001973,2823.926944,sell
1498335474,39430388,0.00019775,0.1,buy
1498335464,39430376,0.00019785,0.5,buy
1498335451,39430360,0.0001978,5,buy
1498335445,39430336,0.0001973,9.44385852,sell
1498335442,39430319,0.0001973,79.58432481,sell
1498335440,39430297,0.0001973,9.44506995,sell
1498335437,39430265,0.00019792,10,buy
1498335434,39430245,0.0001973,79.58432481,sell
1498335433,39430225,0.0001973,79.58432481,sell
1498335433,39430216,0.0001973,79.58432481,sell
1498335406,39430078,0.000198,33.44530303,buy
1498335400,39430053,0.0001973,0.59442693,sell
1498335383,39429930,0.000198,414.2281353,buy
1498335383,39429929,0.00019799,85.77186472,buy
1498335379,39429895,0.0001973,23.72271627,sell
1498335375,39429870,0.0001973,80.20906143,sell
1498335374,39429866,0.0001973,222.6957124,sell
1498335374,39429864,0.0001973,80.20906143,sell
1498335374,39429857,0.0001973,222.6957124,sell
1498335374,39429853,0.0001973,80.20906143,sell
1498335374,39429852,0.0001973,222.6957124,sell
1498335373,39429847,0.0001973,222.6957124,sell
1498335372,39429839,0.0001973,387.1996653,sell
1498335371,39429827,0.0001973,80.20906143,sell
1498335371,39429826,0.0001973,80.20906143,sell
1498335371,39429821,0.0001973,80.20906143,sell
1498335371,39429818,0.0001973,80.20906143,sell
1498335370,39429817,0.0001973,80.20906143,sell
1498335370,39429815,0.0001973,80.20906143,sell
1498335369,39429799,0.0001973,80.20906143,sell
1498335369,39429797,0.0001973,80.20906143,sell
1498335369,39429795,0.0001973,80.20906143,sell
1498335368,39429787,0.0001973,80.20906143,sell
1498335368,39429786,0.0001973,386.9411357,sell
1498335367,39429775,0.0001973,222.7066864,sell
1498335367,39429773,0.0001973,222.7269504,sell
1498335366,39429770,0.0001973,386.8657382,sell
1498335365,39429760,0.0001973,386.8509851,sell
1498335364,39429751,0.0001973,386.4370032,sell
1498335364,39429746,0.0001973,386.4628561,sell
1498335363,39429740,0.0001973,386.4502674,sell
1498335362,39429723,0.0001973,222.7227817,sell
1498335362,39429716,0.0001973,222.6868095,sell
1498335361,39429697,0.0001973,385.9199441,sell
1498335361,39429696,0.0001973,385.920283,sell
1498335360,39429685,0.0001973,385.9330548,sell
1498335357,39429668,0.0001973,175.5568953,sell
1498335357,39429667,0.0001973,175.7328041,sell
1498335357,39429666,0.0001973,175.5618299,sell
1498335357,39429665,0.0001973,175.9087128,sell
1498335356,39429657,0.0001973,918.530087,sell
1498335355,39429650,0.0001973,81.46991322,sell
1498335338,39429478,0.000198,2000,buy
1498335328,39429449,0.0001973,914.5134657,sell
1498335328,39429448,0.0001974,0.27,sell
1498335328,39429447,0.0001974,3.51033434,sell
1498335327,39429446,0.000198,96.15,buy
1498335326,39429443,0.0001974,81.70619976,sell
1498335315,39429411,0.000198,0.49,buy
1498335307,39429373,0.000198,46000,buy
1498335303,39429368,0.0001974,81.92683926,sell
1498335295,39429346,0.000198,3,buy
1498335286,39429316,0.0001974,76.77711223,sell
1498335286,39429315,0.0001975,3.90450075,sell
1498335285,39429313,0.0001975,80.67171137,sell
1498335276,39429293,0.000198,96,buy
1498335259,39429228,0.0001974,103.1764179,sell
1498335258,39429220,0.0001974,222.5953677,sell
1498335258,39429217,0.0001974,222.5953677,sell
1498335235,39429168,0.0001979,31.61112667,buy
1498335235,39429167,0.0001979,9.38887333,buy
1498335228,39429143,0.0001979,1091.162396,buy
1498335228,39429142,0.0001977,664.59528,buy
1498335228,39429141,0.0001977,462.40472,buy
1498335227,39429135,0.0001974,1525.747217,sell
1498335227,39429134,0.00019753,386.915117,sell
1498335226,39429130,0.0001974,80.78738158,sell
1498335226,39429128,0.0001974,849.319837,sell
1498335226,39429127,0.0001974,386.5151827,sell
1498335226,39429121,0.0001974,7777,sell
1498335226,39429120,0.0001974,386.5282024,sell
1498335226,39429119,0.0001974,359.190079,sell
1498335226,39429117,0.0001974,358.7084081,sell
1498335226,39429114,0.0001974,359.172775,sell
1498335225,39429111,0.0001974,222.573543,sell
1498335225,39429105,0.0001974,222.5753056,sell
1498335223,39429099,0.0001974,5000,sell
1498335219,39429093,0.0001974,62.748323,sell
1498335217,39429088,0.0001974,386.6923368,sell
1498335214,39429080,0.0001974,222.6515613,sell
1498335214,39429076,0.0001974,5000,sell
1498335214,39429064,0.0001974,222.2569003,sell
1498335213,39429059,0.0001974,222.2708917,sell
1498335209,39429050,0.0001974,386.6585565,sell
1498335206,39429030,0.0001974,222.2839175,sell
1498335205,39429019,0.0001974,222.2838014,sell
1498335184,39428898,0.0001979,2498.726731,sell
1498335166,39428776,0.0001979,80.77414534,sell
1498335166,39428775,0.0001979,80.77414534,sell
1498335165,39428770,0.0001979,80.77249112,sell
1498335164,39428764,0.0001979,287.7020863,sell
1498335164,39428761,0.0001979,484.1602272,sell
1498335164,39428756,0.0001979,80.77414534,sell
1498335161,39428751,0.000198,2700,buy
1498335152,39428741,0.000198,50.87064805,sell
1498335059,39428406,0.00019959,0.11107214,buy
1498335049,39428398,0.0001994,219.7636911,buy
1498335049,39428397,0.0001994,126.847997,buy
1498335049,39428394,0.0001994,58.01336045,sell
1498335048,39428391,0.0001994,125.7915376,buy
1498335048,39428387,0.0001994,195.5817379,buy
1498335048,39428384,0.00019939,195.5817379,buy
1498335043,39428368,0.0001997,196.5046311,buy
1498335025,39428304,0.00019978,0.59442693,buy
1498335018,39428257,0.0001993,1.6659628,buy
1498334957,39427985,0.00019839,220,sell
1498334944,39427956,0.0001999,666.1246451,buy
1498334944,39427955,0.00019968,609.45021,buy
1498334944,39427954,0.0001988,2593.158,buy
1498334944,39427953,0.0001984,2474.396497,buy
1498334944,39427952,0.0001983,50.87064805,buy
1498334873,39427721,0.00019839,80.23549574,buy
1498334801,39427524,0.0001974,61.08907834,sell
1498334801,39427523,0.0001975,50.92156962,sell
1498334801,39427522,0.00019751,210.2253291,sell
1498334737,39427310,0.0001977,56.14392438,sell
1498334737,39427309,0.00019761,56.14392438,sell
1498334736,39427305,0.00019827,9.58511121,sell
1498334702,39426906,0.00019827,15.04014727,sell
1498334692,39426851,0.00019839,245.6876787,sell
1498334692,39426846,0.00019839,25.56924645,sell
1498334686,39426807,0.00019839,228.7430748,buy
1498334631,39426549,0.0001984,118.7615031,buy
1498334631,39426548,0.00019839,231.2384969,buy
1498334624,39426503,0.00019839,20.02002002,buy
1498334590,39426145,0.0001974,4941.066529,sell
1498334590,39426144,0.00019741,207.3334706,sell
1498334567,39425971,0.0001985,849,buy
1498334504,39425701,0.0001973,2907.931168,sell
1498334504,39425700,0.0001975,1,sell
1498334504,39425699,0.0001975,2443.867696,sell
1498334504,39425698,0.00019751,193.2011358,sell
1498334480,39425614,0.00019908,13.34102051,buy
1498334455,39425431,0.00019937,5,buy
1498334454,39425428,0.00019907,5,buy
1498334453,39425426,0.00019897,5,buy
1498334453,39425425,0.00019967,90.83217308,buy
1498334453,39425424,0.0001996,50.43625052,buy
1498334453,39425423,0.00019908,606.93723,buy
1498334453,39425422,0.000199,15,buy
1498334453,39425421,0.00019899,219.8992114,buy
1498334453,39425420,0.00019898,220.0390328,buy
1498334453,39425419,0.00019889,189.0935767,buy
1498334453,39425418,0.00019887,219.9550977,buy
1498334453,39425417,0.0001987,5,buy
1498334452,39425414,0.0001987,5,buy
1498334452,39425413,0.0001987,5,buy
1498334452,39425412,0.0001987,5,buy
1498334452,39425411,0.0001987,5,buy
1498334451,39425410,0.00019869,5,buy
1498334451,39425409,0.00019869,5,buy
1498334451,39425408,0.00019869,5,buy
1498334450,39425405,0.0001987,5,buy
1498334449,39425404,0.00019879,5,buy
1498334449,39425403,0.00019879,5,buy
1498334448,39425401,0.0001988,7,buy
1498334448,39425400,0.0001988,5,buy
1498334444,39425398,0.0001975,793.496,sell
1498334444,39425395,0.0001975,852.897,sell
1498334443,39425394,0.0001975,9303.506284,sell
1498334443,39425393,0.0001975,696.4937165,sell
1498334442,39425389,0.0001975,189.0935767,sell
1498334441,39425361,0.00019751,219.9215592,sell
1498334438,39425360,0.0001989,2628.108481,buy
1498334438,39425359,0.00019889,271.8915193,buy
1498334417,39425310,0.0001986,128.6361166,buy
1498334403,39425286,0.000198,1005,sell
1498334403,39425285,0.000198,2069.589165,sell
1498334377,39425244,0.000198,5646.410835,sell
1498334377,39425243,0.000198,208,sell
1498334377,39425242,0.000198,1,sell
1498334377,39425241,0.000198,1,sell
1498334377,39425240,0.000198,1,sell
1498334377,39425239,0.000198,600,sell
1498334377,39425238,0.000198,111,sell
1498334377,39425237,0.000198,2500,sell
1498334377,39425236,0.0001981,931.589165,sell
1498334377,39425234,0.0001981,9068.410835,sell
1498334377,39425233,0.00019811,931.589165,sell
1498334376,39425232,0.00019811,10000,sell
1498334376,39425231,0.00019811,6849.010835,sell
1498334376,39425230,0.00019815,3150.989165,sell
1498334371,39425224,0.00019815,10000,sell
1498334366,39425209,0.00019815,8409.010835,sell
1498334366,39425208,0.0001982,500,sell
1498334366,39425207,0.0001982,1041.989165,sell
1498334366,39425206,0.0001985,49,sell
1498334353,39425193,0.0001986,875.685339,buy
1498334351,39425192,0.00019821,48.53512859,sell
1498334351,39425191,0.00019821,140.5584481,sell
1498334298,39425072,0.0001985,6850,buy
1498334262,39424999,0.0001985,145.6653117,buy
1498334251,39424973,0.0001982,10.41968574,sell
1498334251,39424972,0.0001983,50.48673726,sell
1498334248,39424964,0.00019831,189.0935767,sell
1498334241,39424913,0.0001997,0.1,buy
1498334234,39424892,0.00019879,73.89489298,sell
1498334233,39424891,0.00019879,28.1871534,sell
1498334233,39424890,0.00019879,160.9064233,sell
1498334233,39424886,0.00019879,189.0935767,sell
1498334214,39424837,0.00019889,0.2,buy
1498334192,39424783,0.0001992,204.8679937,sell
1498334188,39424777,0.0001992,46.13200626,sell
1498334186,39424775,0.0001994,3000,buy
1498334183,39424771,0.00019879,50,sell
1498334182,39424767,0.0001995,206.8913994,buy
1498334173,39424741,0.0001995,100,buy
1498334172,39424726,0.0001995,3045.84,buy
1498334172,39424725,0.000199,1347.56,buy
1498334172,39424724,0.0001989,11606.6,buy
1498334162,39424699,0.0001996,110.9064233,buy
1498334162,39424698,0.00019959,189.0935767,buy
1498334138,39424612,0.0001999,101,buy
1498334136,39424588,0.0001998,3800,buy
1498334136,39424587,0.0001998,5000,buy
1498334131,39424571,0.0001993,0.03021126,sell
1498334130,39424567,0.0001993,1.33978874,sell
1498334130,39424566,0.0001994,30,sell
1498334130,39424565,0.00019941,497.8602113,sell
1498334121,39424487,0.0001998,1812.15105,buy
1498334118,39424470,0.0001999,11016.14752,buy
1498334118,39424469,0.0001998,5000,buy
1498334118,39424468,0.0001996,694.8524802,buy
1498334118,39424467,0.0001996,312.3737475,sell
1498334111,39424439,0.0001996,189.0935767,sell
1498334089,39424362,0.0002,2600,buy
1498334042,39424120,0.0002,242.2671,buy
1498334016,39423853,0.0001996,50.20811692,buy
1498333992,39423746,0.0001995,628.1309693,buy
1498333992,39423745,0.00019949,241.8690307,buy
1498333961,39423695,0.0001982,1256.303899,sell
1498333961,39423694,0.00019821,244.4030976,sell
1498333960,39423693,0.0001982,74.447224,sell
1498333953,39423617,0.00019939,0.5257257,buy
1498333939,39423463,0.0001982,7123.727794,sell
1498333938,39423460,0.00019939,40,buy
1498333938,39423456,0.0001982,189.0935767,sell
1498333934,39423446,0.0001982,4.8,sell
1498333927,39423409,0.0001982,2461.254748,sell
1498333926,39423407,0.0001982,189.0935767,sell
1498333913,39423377,0.0001982,6901.87033,sell
1498333913,39423376,0.0001982,52.54241629,sell
1498333913,39423375,0.00019821,167.2811999,sell
1498333913,39423374,0.00019821,17.81563838,sell
1498333912,39423371,0.00019821,189.0935767,sell
1498333911,39423368,0.0001991,23,buy
1498333911,39423360,0.0001998,1146.789543,sell
1498333911,39423354,0.0001998,167.4,sell
1498333911,39423353,0.00019965,19.3806,buy
1498333911,39423352,0.00019919,167.4308585,buy
1498333910,39423333,0.00019949,167.3666546,sell
1498333908,39423292,0.0001995,5.13410051,buy
1498333907,39423291,0.0001995,2907.164708,buy
1498333907,39423289,0.0001995,189.2828596,buy
1498333907,39423286,0.0001995,189.2828596,buy
1498333907,39423274,0.0001995,356.6812358,buy
1498333906,39423272,0.0001982,131,sell
1498333906,39423242,0.0001982,793.0907849,sell
1498333906,39423241,0.00019821,206.9092151,sell
1498333892,39423089,0.0001982,3195.008855,sell
1498333892,39423088,0.0001982,7011.008,sell
1498333892,39423087,0.00019821,19.4,sell
1498333891,39423079,0.00019821,189.0935767,sell
1498333885,39423048,0.0001999,10.6194,buy
1498333885,39423047,0.00019962,19.3806,buy
1498333878,39423036,0.0001982,189.0935767,sell
1498333878,39423034,0.0001982,189.0935767,sell
1498333877,39423025,0.0001982,82.74294189,sell
1498333871,39423019,0.0001982,210.9622124,sell
1498333869,39423014,0.0001987,214.0557891,sell
1498333869,39423013,0.0001987,80.69786114,sell
1498333869,39423011,0.0001987,0.18923703,sell
1498333869,39423006,0.0001987,327.1367924,sell
1498333869,39423003,0.0001987,27.92032033,sell
1498333865,39422981,0.0001982,189.0935767,sell
1498333865,39422973,0.0001982,188.0935561,sell
1498333865,39422972,0.0001987,1,sell
1498333864,39422971,0.0001982,189.0935767,sell
1498333864,39422970,0.0001982,189.0935767,sell
1498333864,39422964,0.0001982,189.0935767,sell
1498333864,39422961,0.0001982,189.0935309,sell
1498333864,39422959,0.0001982,189.0935767,sell
1498333863,39422952,0.0001982,189.0935309,sell
1498333863,39422949,0.0001982,52.47627376,sell
1498333863,39422948,0.0001982,78.34021059,sell
1498333862,39422939,0.0001982,189.093556,sell
1498333862,39422935,0.0001982,189.0673365,sell
1498333862,39422934,0.0001982,189.0935548,sell
1498333862,39422932,0.0001982,189.0935767,sell
1498333861,39422925,0.0001982,189.0935309,sell
1498333861,39422918,0.0001982,189.0935309,sell
1498333859,39422913,0.0001982,189.0935309,sell
1498333859,39422907,0.0001982,189.0935767,sell
1498333859,39422906,0.0001982,189.0935767,sell
1498333859,39422905,0.0001982,189.0935309,sell
1498333859,39422884,0.0001982,189.0935309,sell
1498333858,39422881,0.0001982,189.0935309,sell
1498333858,39422876,0.0001982,189.0935309,sell
1498333857,39422873,0.0001982,189.0935309,sell
1498333857,39422871,0.0001982,189.0935309,sell
1498333857,39422868,0.0001982,147.9156947,sell
1498333857,39422867,0.0001982,41.17783622,sell
1498333856,39422862,0.0001982,189.0935309,sell
1498333855,39422861,0.0001998,400,buy
1498333855,39422860,0.0001982,189.0935309,sell
1498333855,39422857,0.0001982,189.0935309,sell
1498333854,39422851,0.0001982,189.0935309,sell
1498333854,39422849,0.0001982,189.0935309,sell
1498333854,39422847,0.0001982,189.0935309,sell
1498333854,39422844,0.0001982,161.4015001,sell
1498333853,39422843,0.0001982,105.017697,sell
1498333853,39422841,0.0001982,119.435169,sell
1498333853,39422840,0.0001982,50.2583753,sell
1498333853,39422839,0.00019821,19.4,sell
1498333852,39422828,0.0001984,5.1764,sell
1498333852,39422827,0.0001984,78.89943389,sell
1498333852,39422826,0.0001984,77.3256662,sell
1498333852,39422822,0.0001984,163.879872,sell
1498333852,39422821,0.0001984,169.4176789,sell
1498333852,39422814,0.0001984,493.2930294,sell
1498333852,39422811,0.0001984,64.34253533,sell
1498333848,39422800,0.0001984,189.0935767,sell
1498333844,39422796,0.0001984,73.6935767,sell
1498333844,39422795,0.0001987,115.4,sell
1498333839,39422784,0.0001987,132.5,sell
1498333834,39422756,0.0001984,51.50797509,sell
1498333832,39422725,0.0001984,137.5856016,sell
1498333832,39422722,0.0001984,133.3043036,sell
1498333832,39422721,0.0001985,55.78927314,sell
1498333832,39422713,0.0001985,44.21072686,sell
1498333832,39422712,0.0001986,144.8828498,sell
1498333828,39422703,0.0001986,189.0935767,sell
1498333824,39422683,0.0001986,146.0235735,sell
1498333824,39422682,0.000199,500,sell
1498333824,39422681,0.0001991,4900,sell
1498333824,39422680,0.0001991,194.0702094,sell
1498333824,39422679,0.0001995,3.5,sell
1498333824,39422678,0.0001995,366.2082171,sell
1498333823,39422667,0.0001995,133.7917829,sell
1498333823,39422666,0.0001995,55.30179381,sell
1498333813,39422601,0.00019955,189.0935767,sell
1498333804,39422563,0.0002,15,buy
1498333802,39422561,0.0002,8737.3558,buy
1498333801,39422557,0.0002,5163.508071,buy
1498333800,39422552,0.0002,14363.91919,buy
1498333799,39422548,0.0002,143.576325,buy
1498333799,39422546,0.0002,49.85765959,buy
1498333799,39422542,0.0002,351.6507357,buy
1498333799,39422538,0.0002,351.3449126,buy
1498333798,39422530,0.0002,351.2449269,buy
1498333798,39422529,0.0002,5163.508071,buy
1498333798,39422527,0.0002,112.016206,buy
1498333798,39422526,0.0002,145.313898,buy
1498333798,39422524,0.0002,49.84374619,buy
1498333798,39422517,0.0002,186.5326301,buy
1498333798,39422513,0.0002,307.7171971,buy
1498333797,39422512,0.0002,49.84374619,buy
1498333797,39422511,0.0002,5163.508071,buy
1498333797,39422505,0.0002,280.7765055,buy
1498333796,39422497,0.0002,307.6871732,buy
1498333796,39422496,0.0002,9140.508996,buy
1498333796,39422493,0.0002,49.84374619,buy
1498333796,39422489,0.0002,246.283611,buy
1498333796,39422487,0.0002,5.96773442,buy
1498333796,39422482,0.0002,45.7526306,buy
1498333795,39422477,0.0002,350.7701679,buy
1498333795,39422468,0.0002,4246.430528,buy
1498333795,39422465,0.0002,186.3385615,buy
1498333794,39422458,0.0002,5432.284081,buy
1498333794,39422457,0.0002,477.9151779,buy
1498333794,39422456,0.0002,6,buy
1498333794,39422455,0.0002,10,buy
1498333794,39422454,0.0002,243.7378643,buy
1498333794,39422453,0.0002,4217.167096,buy
1498333794,39422451,0.0002,186.2197957,buy
1498333794,39422447,0.0002,4551.957219,buy
1498333794,39422446,0.0002,7007.077,buy
1498333794,39422445,0.0002,186.3256817,buy
1498333794,39422444,0.0002,189.2828596,buy
1498333793,39422428,0.0002,121.6472307,buy
1498333793,39422424,0.0002,213.6098667,buy
1498333793,39422422,0.0002,49.88151112,buy
1498333793,39422421,0.0002,3278.831739,buy
1498333793,39422420,0.0002,963.564322,buy
1498333793,39422412,0.0002,186.7515821,buy
1498333792,39422407,0.0002,3936.956765,buy
1498333792,39422406,0.0002,87.83774016,buy
1498333792,39422403,0.0002,189.2828596,buy
1498333792,39422402,0.0002,189.2828596,buy
1498333791,39422397,0.0002,189.2828596,buy
1498333791,39422396,0.0002,21.94665356,buy
1498333791,39422395,0.0002,5.13800556,buy
1498333791,39422392,0.0002,7591.99875,buy
1498333791,39422385,0.0002,276.2790604,buy
1498333791,39422384,0.00019999,74.47200437,buy
1498333791,39422382,0.00019999,189.2828596,buy
1498333736,39422189,0.0002,1963.483548,buy
1498333736,39422188,0.0001999,786.5164517,buy
1498333732,39422168,0.0001999,39.5,buy
1498333727,39422154,0.0001999,858.9820482,buy
1498333720,39422123,0.0001999,15.00150015,buy
1498333672,39421606,0.00019998,183.1585193,buy
1498333672,39421605,0.0001998,108.9894461,buy
1498333672,39421604,0.00019976,257.8520346,buy
1498333662,39421425,0.0001995,944.6982062,sell
1498333662,39421424,0.0001995,500,sell
1498333662,39421423,0.0001995,107,sell
1498333662,39421422,0.0001996,300,sell
1498333662,39421421,0.0001996,525.5415331,sell
1498333662,39421420,0.0001998,369.8729273,sell
1498333662,39421419,0.00019981,252.8873334,sell
1498333615,39421176,0.00019998,10,buy
1498333586,39421133,0.0001998,180.1270727,sell
1498333586,39421132,0.0001998,67.36743433,sell
1498333586,39421131,0.00019981,252.505493,sell
1498333531,39421072,0.00019999,21,buy
1498333524,39421070,0.00019999,21,buy
1498333513,39421055,0.00019999,21,buy
1498333507,39421027,0.0002,2292.5159,buy
1498333502,39421012,0.0001998,932.6325657,sell
1498333502,39421011,0.00019981,311.7784539,sell
1498333493,39420999,0.0001999,45,sell
1498333481,39420961,0.0001996,4029.132567,sell
1498333481,39420960,0.0001996,20.7,sell
1498333481,39420959,0.0001996,3,sell
1498333481,39420958,0.0001996,11,sell
1498333481,39420957,0.0001996,3624.618681,sell
1498333481,39420956,0.00019961,414.7853197,sell
1498333481,39420955,0.00019969,100,sell
1498333481,39420954,0.0001997,414.7853197,sell
1498333472,39420921,0.0002,1000,buy
1498333471,39420920,0.00019971,321.6588116,sell
1498333463,39420898,0.0002,1556.4228,buy
1498333462,39420893,0.0002,67.00780734,buy
1498333462,39420892,0.0001999,122.2750522,buy
1498333458,39420880,0.0001999,1790.2,sell
1498333421,39420817,0.0001999,1909.8,sell
1498333395,39420787,0.0002,2658,buy
1498333390,39420778,0.0002,300,buy
1498333389,39420773,0.0002,96.8651,buy
1498333385,39420767,0.0002,29,buy
1498333380,39420764,0.0002,2348.797094,buy
1498333370,39420759,0.0002,15,buy
1498333315,39420686,0.0002,10.36985,buy
1498333213,39420537,0.0002,15000,buy
1498333192,39420520,0.0002,0.1,buy
1498333188,39420514,0.0002,0.59,buy
1498333185,39420513,0.0002,170,buy
1498333155,39420434,0.0002,1000,buy
1498333115,39420390,0.0002,100,buy
1498333102,39420375,0.0002,2,buy
1498333075,39420343,0.0002,190,buy
1498333072,39420336,0.0002,0.1,buy
1498333055,39420311,0.0001996,14.53876396,sell
1498333055,39420310,0.00019961,180.461236,sell
1498333050,39420302,0.0002,323.7734,buy
1498333044,39420298,0.0002,158.7970941,buy
1498333041,39420294,0.0001996,500,sell
1498333038,39420287,0.0002,500,buy
1498333037,39420283,0.0001996,500,sell
1498333032,39420280,0.0001996,329.3544811,sell
1498333032,39420279,0.00019961,170.6455189,sell
1498333026,39420275,0.0002,500,buy
1498333021,39420274,0.0001996,493.4880742,sell
1498333021,39420273,0.0001998,2,sell
1498333021,39420272,0.00019982,2.51192577,sell
1498333021,39420271,0.00019989,2,sell
1498333019,39420270,0.0002,500,buy
1498333010,39420254,0.0002,500,buy
1498332999,39420233,0.0002,200,buy
1498332991,39420224,0.0002,500,buy
1498332990,39420223,0.0002,3400,buy
1498332984,39420219,0.0002,500,buy
1498332977,39420210,0.0002,500,buy
1498332968,39420196,0.0002,500,buy
1498332952,39420176,0.0002,15,buy
1498332941,39420170,0.0002,500,buy
1498332933,39420166,0.0002,500,buy
1498332929,39420158,0.0002,2,buy
1498332916,39420084,0.0002,500,buy
1498332910,39420083,0.0002,500,buy
1498332901,39420078,0.0001999,15.83810071,sell
1498332890,39420077,0.0002,198,buy
1498332889,39420076,0.0002,6,buy
1498332854,39420051,0.0002,57.03430714,buy
1498332854,39420050,0.0001999,442.9656929,buy
1498332851,39420043,0.0001999,1.5,buy
1498332845,39420031,0.0001999,1,buy
1498332817,39419971,0.0001999,500,buy
1498332809,39419944,0.0001999,40.1,buy
1498332803,39419943,0.0001999,500,buy
1498332796,39419936,0.0001999,500,buy
1498332785,39419916,0.0001999,500,buy
1498332755,39419881,0.0001999,500,buy
1498332741,39419866,0.0001999,500,buy
1498332718,39419856,0.0001999,265.0604802,buy
1498332718,39419855,0.0001999,1950,buy
1498332716,39419852,0.0001999,50.3,buy
1498332672,39419802,0.0001999,1.01022418,buy
1498332671,39419798,0.0001999,4995.2,buy
1498332670,39419797,0.0001999,400,buy
1498332641,39419759,0.0001999,5000.501251,buy
1498332618,39419748,0.00019989,68.05941599,buy
1498332583,39419721,0.00019989,14.39534767,buy
1498332562,39419706,0.0001999,450,buy
1498332529,39419667,0.0001999,0.8,buy
1498332528,39419665,0.0001999,500,buy
1498332501,39419596,0.0001999,500,buy
1498332473,39419539,0.0001999,204,buy
1498332450,39419507,0.0001999,300,buy
1498332437,39419500,0.0001999,360.1855428,buy
1498332426,39419486,0.0001999,300,buy
1498332425,39419485,0.0001999,58,buy
1498332422,39419484,0.0001999,0.5,buy
1498332408,39419447,0.0001999,5,buy
1498332400,39419437,0.0001999,0.4,buy
1498332399,39419436,0.0001999,100,buy
1498332391,39419432,0.0001999,220.8609805,buy
1498332387,39419429,0.0001999,2000,buy
1498332372,39419424,0.0001999,100,buy
1498332363,39419411,0.0001999,0.1,buy
1498332345,39419392,0.0001999,0.473,buy
1498332339,39419381,0.0001999,420,buy
1498332324,39419348,0.0001999,126,buy
1498332299,39419308,0.0001999,500,buy
1498332278,39419271,0.0001999,1415.446423,buy
1498332255,39419260,0.0001999,195.3026513,buy
1498332238,39419231,0.0001999,5,buy
1498332217,39419212,0.0001999,495.2476238,buy
1498332195,39419188,0.0001999,4.4168084,buy
1498332193,39419187,0.0001999,824.9741371,buy
1498332189,39419181,0.0001999,3125.56003,buy
1498332181,39419167,0.0001999,239.6072036,buy
1498332164,39419095,0.0001999,4,buy
1498332153,39419088,0.0001999,250,buy
1498332151,39419086,0.0001999,495.2652826,buy
1498332091,39419016,0.0001999,1,buy
1498332081,39419008,0.0001999,100,buy
1498332079,39419006,0.0001999,13.85807904,buy
1498332062,39418973,0.0001999,60.93046523,buy
1498332055,39418967,0.0001999,20,buy
1498332050,39418957,0.0001999,604,buy
1498332038,39418939,0.0001999,10,buy
1498332037,39418938,0.0001999,1984.107926,buy
1498332036,39418937,0.0001999,40,buy
1498332031,39418935,0.0001999,570.9669335,buy
1498331992,39418884,0.0001999,0.1,buy
1498331991,39418883,0.0001999,15.00750375,buy
1498331972,39418857,0.0001999,1.0416954,buy
1498331957,39418838,0.0001996,549,sell
1498331954,39418832,0.0001999,500,buy
1498331941,39418817,0.0001999,1.0416954,buy
1498331871,39418718,0.0001999,1000,buy
1498331866,39418714,0.0001999,24,buy
1498331855,39418702,0.0001999,6850,buy
1498331853,39418691,0.0001999,100,buy
1498331832,39418666,0.0001999,4980,buy
1498331784,39418564,0.0001999,0.93941971,buy
1498331773,39418544,0.0001999,29,buy
1498331762,39418525,0.0001999,5,buy
1498331740,39418493,0.0001999,46300,buy
1498331698,39418433,0.0001999,5002.001001,buy
1498331643,39418332,0.0001999,45.738096,buy
1498331615,39418281,0.0001999,1,buy
1498331527,39418077,0.0001999,146.1,buy
1498331497,39418043,0.0001999,4,buy
1498331488,39418010,0.0001999,600,buy
1498331484,39417987,0.0001999,80.521471,buy
1498331470,39417968,0.0001999,1559.868383,buy
1498331470,39417967,0.0001999,9840.131617,buy
1498331466,39417960,0.0001999,5,buy
1498331432,39417907,0.0001999,10,buy
1498331395,39417820,0.0001999,10,buy
1498331392,39417796,0.0001999,9,buy
