Timestamp,TradeId,Price,Amount,Type
1497743334,38195698,0.42804,1007.889811,sell
1497743334,38195697,0.42808,934.39866,sell
1497743334,38195696,0.4281,50,sell
1497743334,38195695,0.4281,0.2,sell
1497743334,38195694,0.434,2.351493,sell
1497743334,38195693,0.434,1.160036,sell
1497743334,38195692,0.434,500,sell
1497743174,38194715,0.438,8.83238485,sell
1497743155,38194568,0.4394,190,buy
1497743146,38194512,0.43799,226.7416152,buy
1497743049,38193975,0.438,57.91835032,buy
1497742827,38193407,0.43491,248.068439,buy
1497742827,38193405,0.43491,81.733561,buy
1497742827,38193404,0.4349,195.22193,buy
1497742679,38193037,0.42811,330,sell
1497742637,38192960,0.42811,14.18612706,sell
1497742637,38192959,0.429,1.849969,sell
1497742637,38192958,0.429,80.04119532,sell
1497742637,38192957,0.429,80.21270862,sell
1497742505,38192645,0.429,0.0290912,buy
1497742505,38192641,0.429,80.21270862,buy
1497742460,38192603,0.429,90.98288811,buy
1497742288,38192192,0.42804,1159.031416,sell
1497742288,38192191,0.42809,226.9685837,sell
1497742288,38192190,0.42809,350,sell
1497741904,38190802,0.428,933.87525,sell
1497741904,38190801,0.42804,1.1948809,sell
1497741904,38190800,0.4281,64.9298691,sell
1497741846,38190503,0.428,972.7419138,sell
1497741846,38190502,0.42801,25.33932718,sell
1497741846,38190501,0.42809,1.918759,sell
1497741754,38190109,0.437,50,buy
1497741650,38189963,0.42813,29.873172,sell
1497741650,38189962,0.42813,41.126828,sell
1497741622,38189807,0.42804,487.2680704,sell
1497741622,38189806,0.42808,604.801,sell
1497741622,38189805,0.429,1,sell
1497741622,38189804,0.4293,50,sell
1497741622,38189803,0.43022,0.207287,sell
1497741420,38189301,0.43696,61.27478242,buy
1497741288,38188924,0.43786,10,buy
1497741270,38188889,0.43833,397.139595,buy
1497741268,38188885,0.43835,2.14403631,sell
1497741268,38188884,0.43828,2.14403631,buy
1497741268,38188883,0.434,12.52658039,buy
1497741236,38188804,0.434,0.6,buy
1497741107,38188477,0.434,30,buy
1497741080,38188416,0.434,0.5,buy
1497741025,38188301,0.43809,2.14403631,buy
1497741008,38188247,0.43838,0.1,buy
1497740808,38187784,0.4336,546.8770532,buy
1497740808,38187783,0.43359,615.917,buy
1497740808,38187782,0.43358,628.529,buy
1497740808,38187781,0.43357,619.168,buy
1497740808,38187780,0.43355,657.379,buy
1497740808,38187779,0.43354,303.40506,buy
1497740808,38187778,0.43354,621.267,buy
1497740808,38187777,0.43353,619.168,buy
1497740808,38187776,0.43352,638.654,buy
1497740808,38187775,0.4334,1,buy
1497740766,38187685,0.43418,21.69,buy
1497740718,38187489,0.428,5919.97982,sell
1497740718,38187488,0.42804,470.52079,sell
1497740718,38187487,0.4283,13.64022061,sell
1497740718,38187486,0.4283,450,sell
1497740718,38187485,0.43209,12.79723825,sell
1497740718,38187484,0.4321,6.262086,sell
1497740718,38187483,0.4321,4.62,sell
1497740718,38187482,0.43301,152.5878454,sell
1497740697,38187394,0.43301,1372.723193,sell
1497740660,38187238,0.43301,91.34615377,sell
1497740630,38187092,0.43301,435.6028077,buy
1497740628,38187084,0.43301,4299.213,buy
1497740508,38186935,0.43301,70,buy
1497740485,38186893,0.43301,300.6425,buy
1497740095,38185936,0.4321,100,buy
1497739979,38185435,0.43209,38.05,sell
1497739954,38185347,0.4321,1.34800879,buy
1497739954,38185343,0.43209,17.05999117,sell
1497739953,38185339,0.4321,2.13651005,buy
1497739952,38185327,0.4321,2.69786679,buy
1497739951,38185309,0.43209,13.71567948,sell
1497739951,38185308,0.4321,3.17132492,buy
1497739950,38185291,0.4321,1.03943813,buy
1497739948,38185275,0.4321,4.3992083,buy
1497739948,38185273,0.4321,3.2133631,buy
1497739946,38185255,0.4321,0.18190011,buy
1497739946,38185245,0.4321,3.74278356,buy
1497739945,38185237,0.4321,0.79589782,buy
1497739943,38185217,0.4321,1.7616143,buy
1497739942,38185206,0.4321,0.25583786,buy
1497739941,38185202,0.43209,21.46673239,sell
1497739940,38185192,0.4321,0.59470432,buy
1497739939,38185171,0.4321,1.13745449,buy
1497739937,38185150,0.4321,0.13850543,buy
1497739936,38185140,0.4321,2.15913177,buy
1497739935,38185132,0.4321,1.24751219,buy
1497739935,38185125,0.4321,2.0907731,buy
1497739918,38185067,0.4321,1.96910379,buy
1497739917,38185053,0.4321,1.30929879,buy
1497739916,38185044,0.4321,1.6503224,buy
1497739916,38185043,0.4321,2.0011735,buy
1497739912,38185031,0.4321,3.04312196,buy
1497739911,38185006,0.4321,1.33777653,buy
1497739911,38185002,0.4321,2.89869046,buy
1497739910,38184989,0.4321,3.26837641,buy
1497739910,38184984,0.4321,1.70296859,buy
1497739895,38184945,0.43209,14.42982183,sell
1497739885,38184904,0.4321,0.20609967,buy
1497739885,38184900,0.4321,0.14813797,buy
1497739883,38184888,0.4321,0.15996438,buy
1497739883,38184886,0.4321,2000,buy
1497739883,38184882,0.4321,0.28549669,buy
1497739882,38184866,0.4321,0.12159018,buy
1497739880,38184855,0.4321,0.23917662,buy
1497739875,38184840,0.43209,21.9,sell
1497739872,38184837,0.4321,2101.576026,buy
1497739824,38184780,0.43209,639.2020292,buy
1497739765,38184682,0.428,2333.671221,sell
1497739685,38184468,0.43239,0.20823892,buy
1497739681,38184450,0.43239,0.20759487,buy
1497739652,38184299,0.42814,48.99987678,sell
1497739652,38184298,0.42818,0.792619,sell
1497739652,38184297,0.42819,0.20750422,sell
1497739626,38184141,0.4324,0.15678214,buy
1497739618,38184083,0.4326,0.14096733,buy
1497739618,38184069,0.4326,0.34232362,buy
1497739608,38184035,0.4328,0.15682204,buy
1497739607,38184032,0.4328,0.22712688,buy
1497739607,38184031,0.4328,0.22711809,buy
1497739606,38184029,0.4328,0.22781139,buy
1497739604,38184020,0.4329,0.2267328,buy
1497739604,38184019,0.4329,0.11331715,buy
1497739604,38184015,0.4329,0.11384956,buy
1497739603,38184013,0.4329,0.15598496,buy
1497739603,38184009,0.4329,0.22672404,buy
1497739602,38184003,0.4329,0.20793743,buy
1497739602,38183987,0.4329,0.1134348,buy
1497739600,38183967,0.4329,0.22742905,buy
1497739599,38183941,0.43229,0.22779731,buy
1497739599,38183934,0.43229,0.22781139,buy
1497739598,38183928,0.43229,0.22817383,buy
1497739596,38183913,0.43229,0.34640241,buy
1497739596,38183910,0.43229,0.31528504,buy
1497739594,38183903,0.43229,0.23035383,buy
1497739593,38183899,0.43229,0.23059332,buy
1497739590,38183895,0.43229,0.31008757,buy
1497739590,38183888,0.43229,0.23036274,buy
1497739590,38183884,0.43229,0.29896268,buy
1497739587,38183870,0.43229,0.23035383,buy
1497739586,38183861,0.43229,0.28437372,buy
1497739583,38183851,0.4323,0.19158797,buy
1497739583,38183849,0.4323,0.22759757,buy
1497739583,38183848,0.4323,0.131955,buy
1497739583,38183846,0.4323,0.38376167,buy
1497739583,38183842,0.4323,0.34708628,buy
1497739583,38183836,0.4323,0.15628778,buy
1497739582,38183824,0.4323,0.15533324,buy
1497739556,38183781,0.43279,0.20771194,buy
1497739449,38183610,0.43298,0.35674818,buy
1497739446,38183602,0.43298,115,buy
1497739439,38183595,0.43298,0.25344489,buy
1497739439,38183592,0.43298,0.18919474,buy
1497739437,38183583,0.43298,0.19008164,buy
1497739437,38183581,0.43298,0.44571908,buy
1497739434,38183570,0.43298,0.44307895,buy
1497739434,38183568,0.43298,0.12204986,buy
1497739434,38183564,0.43298,0.11473656,buy
1497739434,38183562,0.43298,0.19047762,buy
1497739434,38183556,0.43298,0.91628009,buy
1497739399,38183433,0.43298,0.29,buy
1497739387,38183391,0.43298,0.19430751,buy
1497739386,38183383,0.43298,0.29947083,buy
1497739386,38183380,0.43298,0.2172662,buy
1497739386,38183370,0.43298,0.2902686,buy
1497739385,38183363,0.43298,0.24010247,buy
1497739384,38183352,0.43298,0.34379835,buy
1497739384,38183348,0.43298,0.27302706,buy
1497739383,38183339,0.43298,0.35349536,buy
1497739382,38183333,0.43298,0.3835403,buy
1497739382,38183331,0.43298,0.33597226,buy
1497739381,38183323,0.43298,0.2945591,buy
1497739380,38183316,0.43298,0.31322763,buy
1497739379,38183305,0.43298,0.22444768,buy
1497739379,38183299,0.43298,0.22933484,buy
1497739378,38183297,0.43298,0.10156344,buy
1497739378,38183287,0.43298,0.33120661,buy
1497739377,38183279,0.43298,0.31054859,buy
1497739376,38183274,0.43298,0.24143774,buy
1497739376,38183272,0.43298,0.20334237,buy
1497739376,38183267,0.43298,0.15761293,buy
1497739375,38183260,0.43298,0.35195706,buy
1497739372,38183231,0.43298,60.9879091,buy
1497739372,38183230,0.43096,81.8520909,buy
1497739371,38183224,0.43096,0.36139777,buy
1497739371,38183216,0.43096,0.24022474,buy
1497739370,38183209,0.43096,0.35685945,buy
1497739364,38183147,0.43096,0.57134687,buy
1497739353,38183117,0.43096,0.53758151,buy
1497739352,38183113,0.43096,4.82545903,buy
1497739352,38183112,0.43096,0.17454097,buy
1497739346,38183100,0.43096,0.33560896,buy
1497739346,38183094,0.43096,0.58633991,buy
1497739342,38183083,0.43096,0.60436875,buy
1497739336,38183068,0.43096,0.51301937,buy
1497739335,38183065,0.43096,0.51784209,buy
1497739330,38183052,0.43096,0.53925429,buy
1497739322,38183030,0.43096,0.76662829,buy
1497739322,38183027,0.43096,0.54625517,buy
1497739320,38183016,0.43096,0.30785323,buy
1497739320,38183011,0.43096,0.66595178,buy
1497739320,38183008,0.43096,0.19158207,buy
1497739319,38182993,0.43096,0.54476826,buy
1497739318,38182985,0.43096,0.62418205,buy
1497739316,38182976,0.43096,0.20317154,buy
1497739316,38182969,0.43096,0.62404735,buy
1497739315,38182962,0.43096,0.44762319,buy
1497739315,38182955,0.43096,0.60870558,buy
1497739276,38182882,0.428,448.2790893,sell
1497739276,38182881,0.42801,51.72091072,sell
1497739270,38182880,0.43096,5,buy
1497739194,38182763,0.43096,0.57261817,buy
1497739194,38182762,0.428,88.707876,sell
1497739193,38182752,0.428,167.2552157,sell
1497739193,38182751,0.429,7279.949908,sell
1497739185,38182731,0.43096,0.35997295,buy
1497739171,38182697,0.43096,0.6155297,buy
1497739171,38182696,0.43096,0.90249892,buy
1497739171,38182695,0.43096,0.18813705,buy
1497739171,38182694,0.43096,0.30826375,buy
1497739171,38182693,0.43096,0.27753433,buy
1497739167,38182658,0.43096,0.19402334,buy
1497739119,38182435,0.429,124.75,sell
1497739115,38182404,0.429,0.26637938,sell
1497739110,38182373,0.429,18.910581,sell
1497739110,38182365,0.431,1.95967436,buy
1497739110,38182363,0.431,19.97309939,buy
1497739110,38182362,0.431,2.60520267,buy
1497739110,38182360,0.429,3576.123131,sell
1497739110,38182359,0.43,4486.612679,sell
1497739109,38182358,0.431,19.62305006,buy
1497739109,38182348,0.43,500,sell
1497739109,38182347,0.43,6013.387321,sell
1497739109,38182346,0.43,2.825641,sell
1497739109,38182345,0.43,2.18564537,sell
1497739109,38182344,0.43,50,sell
1497739109,38182343,0.43055,52,sell
1497739109,38182342,0.431,1000,sell
1497739109,38182341,0.43148,100.1001001,sell
1497739109,38182340,0.43223,88.74496027,sell
1497739109,38182339,0.43232,1.46757495,sell
1497739109,38182338,0.43233,2.60520267,sell
1497739109,38182337,0.43233,19.97309939,sell
1497739109,38182336,0.43233,1.95967436,sell
1497739109,38182335,0.43233,19.62305006,sell
1497739109,38182334,0.43236,13.89686814,sell
1497739109,38182333,0.43236,3.82686267,sell
1497739103,38182307,0.43234,1.12822123,sell
1497739103,38182306,0.43234,2.55953881,sell
1497739103,38182305,0.43234,0.2556329,sell
1497739103,38182304,0.43234,27.07395276,sell
1497739103,38182303,0.43244,0.3398143,sell
1497739103,38182302,0.4325,1,sell
1497739088,38182280,0.4326,99.99999967,sell
1497739088,38182279,0.43266,10,sell
1497739088,38182278,0.433,1.501724,sell
1497739088,38182277,0.433,24.74502133,sell
1497739083,38182267,0.43301,1.81688837,buy
1497739076,38182246,0.433,0.62267278,sell
1497739075,38182245,0.433,0.80318285,sell
1497739075,38182239,0.433,0.38381081,sell
1497739074,38182236,0.433,0.18794891,sell
1497739074,38182231,0.433,0.69094737,sell
1497739074,38182229,0.433,0.10732464,sell
1497739073,38182227,0.433,0.5933703,sell
1497739072,38182208,0.433,0.37331246,sell
1497739065,38182112,0.43301,0.70139634,buy
1497739065,38182109,0.43301,1.09497688,buy
1497739064,38182100,0.43301,0.69163901,buy
1497739064,38182091,0.43301,0.38644025,buy
1497739063,38182076,0.43301,0.37368615,buy
1497739062,38182070,0.43301,0.38644025,buy
1497739061,38182064,0.43301,0.38859049,buy
1497739061,38182053,0.43301,0.428421,buy
1497739060,38182050,0.43301,1.2480405,buy
1497739060,38182046,0.43301,0.16040373,buy
1497739059,38182034,0.43301,0.15845442,buy
1497739057,38182014,0.43301,0.57569781,buy
1497739057,38182009,0.43301,0.41025428,buy
1497739057,38182008,0.43301,1.21950229,buy
1497739056,38181992,0.43301,0.98624685,buy
1497739056,38181991,0.43301,0.428421,buy
1497739051,38181961,0.43301,1.40663929,buy
1497739049,38181952,0.43301,0.69581104,buy
1497739049,38181947,0.43301,1.40523265,buy
1497739048,38181943,0.43301,1.2123386,buy
1497739042,38181934,0.43301,0.42435382,buy
1497739041,38181933,0.43301,0.61788611,buy
1497739040,38181923,0.43301,0.38859049,buy
1497739016,38181849,0.43301,0.19018593,buy
1497739016,38181847,0.43301,2.48427452,buy
1497739016,38181845,0.43301,0.59946056,buy
1497739015,38181839,0.43301,1.72010586,buy
1497739015,38181837,0.43301,0.35091554,buy
1497739013,38181821,0.43301,0.21776868,buy
1497739012,38181820,0.43301,0.18756178,buy
1497739012,38181818,0.43301,2.42985896,buy
1497739012,38181806,0.43301,0.59946056,buy
1497739012,38181804,0.43301,0.18756178,buy
1497739011,38181798,0.43301,0.59946056,buy
1497739010,38181781,0.43301,0.35092231,buy
1497739006,38181764,0.43301,0.94942574,buy
1497739005,38181754,0.43301,3.78431786,buy
1497739005,38181749,0.43301,5.11245858,buy
1497739002,38181740,0.43301,2.21744492,buy
1497739001,38181739,0.43301,1.98566511,buy
1497739001,38181731,0.43301,2.41634331,buy
1497739000,38181726,0.43301,2.48427895,buy
1497738984,38181704,0.433,500,sell
1497738928,38181614,0.43301,91.04790975,buy
1497738927,38181612,0.433,1287.003,sell
1497738927,38181609,0.43301,1663.661208,buy
1497738926,38181603,0.43301,0.2894319,buy
1497738926,38181602,0.43301,1.905063,buy
1497738926,38181601,0.43301,8.25917179,buy
1497738926,38181600,0.43301,2.21909905,buy
1497738926,38181599,0.43301,1.07730962,buy
1497738926,38181597,0.43301,0.14053446,buy
1497738926,38181592,0.43301,39.46770096,buy
1497738926,38181586,0.43301,1666.737111,buy
1497738925,38181581,0.43301,1287.003,sell
1497738925,38181580,0.43301,86.26032886,sell
1497738742,38181273,0.43399,1384.181964,buy
1497738742,38181272,0.43303,2.14403631,buy
1497738693,38181185,0.433,17.33342513,sell
1497738693,38181184,0.433,0.25433904,sell
1497738692,38181183,0.433,0.10721732,sell
1497738692,38181182,0.433,6.30163742,sell
1497738692,38181181,0.433,0.8219581,sell
1497738692,38181180,0.433,0.15992681,sell
1497738691,38181179,0.433,1.22614693,sell
1497738687,38181167,0.433,908.714395,sell
1497738687,38181166,0.433,3177.802919,sell
1497738685,38181150,0.433,4071.767444,sell
1497738685,38181149,0.43304,923.69516,sell
1497738685,38181148,0.434,330,sell
1497738685,38181147,0.434,1068.916298,sell
1497738685,38181146,0.4386,23.50657643,sell
1497738684,38181142,0.4386,2.75413611,sell
1497738607,38181020,0.4386,8.73928746,sell
1497738479,38180761,0.4386,0.455684,buy
1497738475,38180729,0.4387,279.5806599,buy
1497738411,38180628,0.434,0.2,sell
1497738398,38180599,0.434,0.1998,sell
1497738396,38180594,0.434,0.31424243,sell
1497738395,38180590,0.434,0.2,sell
1497738394,38180584,0.434,0.1,sell
1497738377,38180573,0.434,0.1998,sell
1497738328,38180474,0.434,748.848576,sell
1497738327,38180467,0.434,4697.043852,sell
1497738325,38180460,0.434,705.5334251,sell
1497738325,38180459,0.4343,12.1,sell
1497738325,38180458,0.43434,3.5713562,sell
1497738325,38180457,0.435,1000,sell
1497738325,38180456,0.43515,50,sell
1497738325,38180455,0.43516,1.036429,sell
1497738325,38180454,0.43516,46.73750574,sell
1497738184,38180179,0.44069,31,buy
1497738113,38180092,0.44075,0.1,buy
1497738097,38180057,0.44075,2,buy
1497738091,38180048,0.44075,1,buy
1497738084,38180039,0.44075,2.28,buy
1497738076,38180029,0.44075,4.25,buy
1497738066,38180015,0.44076,7.6,buy
1497738045,38179968,0.44089,13.59,buy
1497738044,38179967,0.4356,1000,sell
1497738044,38179966,0.4356,451.5219009,sell
1497738040,38179962,0.4357,4.27155733,sell
1497738037,38179956,0.4374,1.8008008,sell
1497738034,38179949,0.4409,23,buy
1497738022,38179932,0.44099,42,buy
1497738006,38179883,0.44099,0.05,buy
1497738006,38179882,0.4401,10,buy
1497738006,38179881,0.43905,10,buy
1497738006,38179880,0.438,10,buy
1497738006,38179879,0.438,0.95,buy
1497737824,38179628,0.43731,499.1991992,buy
1497737717,38179496,0.4356,499.829879,sell
1497737717,38179495,0.43564,0.170121,sell
1497737696,38179421,0.436,1000,sell
1497737696,38179420,0.436,0.1,sell
1497737529,38179162,0.43731,0.8008008,buy
1497737493,38179088,0.4356,241.0224865,sell
1497737454,38178994,0.43731,125.5522954,buy
1497737454,38178993,0.43731,100.0009096,buy
1497737332,38178868,0.4376,200,buy
1497737314,38178817,0.43768,0.99551019,buy
1497737303,38178798,0.43774,164.095377,buy
1497737171,38178630,0.4356,7.62573365,sell
1497737027,38178424,0.4356,200,sell
1497737022,38178402,0.43889,533.8030136,buy
1497737022,38178401,0.43889,1866.196986,buy
1497736883,38178249,0.4356,200,buy
1497736832,38178193,0.434,2299.999973,sell
1497736831,38178188,0.434,362.3811462,sell
1497736813,38178170,0.43499,50,buy
1497736794,38178153,0.434,65,sell
1497736787,38178148,0.434,51.062888,sell
1497736787,38178147,0.43477,3.937112,sell
1497736787,38178146,0.43477,10,sell
1497736747,38178116,0.435,0.00002738,sell
1497736747,38178115,0.4351,100,sell
1497736747,38178114,0.4352,100,sell
1497736708,38178052,0.435,2.64997262,sell
1497736708,38178051,0.435,2.65,sell
1497736708,38178050,0.435,5007.134238,sell
1497736649,38177933,0.43787,1000,buy
1497736635,38177886,0.435,4992.865762,sell
1497736635,38177885,0.43501,7.13423841,sell
1497736632,38177882,0.436,0.76898422,sell
1497736632,38177881,0.4361,20,sell
1497736624,38177869,0.436,54.23101578,sell
1497736624,38177868,0.436,2070.810452,sell
1497736607,38177858,0.436,0.25909638,sell
1497736607,38177857,0.436,1.18142093,sell
1497736607,38177856,0.436,1.98650602,sell
1497736607,38177855,0.436,2.64614638,sell
1497736607,38177854,0.436,587.420859,sell
1497736606,38177852,0.436,1.98451951,sell
1497736605,38177846,0.43987,952.4131326,buy
1497736605,38177845,0.43979,0.92160759,buy
1497736605,38177844,0.4373,89.82029234,buy
1497736605,38177843,0.43728,2.64614638,buy
1497736605,38177842,0.43719,0.25883728,buy
1497736605,38177841,0.43719,1.98451951,buy
1497736605,38177840,0.437,1.18142093,buy
1497736605,38177839,0.437,1.98650602,buy
1497736605,38177838,0.437,0.25909638,buy
1497736603,38177826,0.436,7333.711,sell
1497736602,38177798,0.43688,10,sell
1497736602,38177797,0.437,1,sell
1497736602,38177796,0.437,56.87817304,sell
1497736602,38177793,0.4372,1594.433085,sell
1497736602,38177792,0.4373,3123.000594,sell
1497736602,38177786,0.4373,1.44024816,sell
1497736601,38177783,0.4373,6874.668,sell
1497736601,38177781,0.4373,0.89115769,sell
1497736567,38177733,0.43731,1,sell
1497736567,38177732,0.43731,2595.515286,sell
1497736566,38177731,0.43731,0.80389409,sell
1497736566,38177730,0.43731,13968.1697,sell
1497736566,38177726,0.43731,2910.701917,sell
1497736566,38177724,0.43731,2227.92034,sell
1497736566,38177720,0.43731,0.21616915,sell
1497736566,38177718,0.43731,0.104895,sell
1497736566,38177715,0.43731,4081.134751,sell
1497736566,38177708,0.43731,1.65725674,sell
1497736555,38177695,0.43731,0.53740513,sell
1497736555,38177693,0.43731,0.48400308,sell
1497736555,38177691,0.43731,7613.683,sell
1497736412,38177500,0.43731,1695.108407,sell
1497736412,38177499,0.43732,0.75802344,sell
1497736412,38177498,0.438,2500.13357,sell
1497736359,38177453,0.438,2499.86643,sell
1497736138,38177277,0.43731,4742.455899,sell
1497736138,38177276,0.43732,121.0903584,sell
1497736138,38177275,0.4374,14.844289,sell
1497736138,38177274,0.4374,100,sell
1497736138,38177273,0.4374,0.4443539,sell
1497736138,38177272,0.43741,1187.055623,sell
1497736138,38177271,0.43741,2.94437673,sell
1497736138,38177270,0.43741,7.05562327,sell
1497736138,38177269,0.43741,2.46197656,sell
1497736138,38177268,0.438,8.411566,sell
1497736138,38177267,0.438,290.916839,sell
1497736138,38177266,0.43812,504.2490947,sell
1497736123,38177202,0.4417,75,buy
1497736007,38177057,0.43801,294.41,sell
1497736001,38177050,0.438,50,sell
1497736001,38177049,0.438,350,sell
1497736001,38177048,0.439,10,sell
1497735915,38176956,0.4417,500.3190244,buy
1497735831,38176863,0.4417,686.4506734,buy
1497735831,38176862,0.44169,1185.055623,buy
1497735784,38176819,0.44169,2,buy
1497735784,38176818,0.441,88,buy
1497735675,38176682,0.441,12,buy
1497735603,38176573,0.44169,7.05562327,buy
1497735603,38176572,0.44169,2.94437673,buy
1497735508,38176433,0.44,30,sell
1497735490,38176416,0.442,1,buy
1497735490,38176415,0.44111,10,buy
1497735456,38176381,0.44,10,sell
1497735359,38176270,0.43999,2.5,buy
1497735280,38176204,0.4374,0.03804627,sell
1497735280,38176203,0.44,0.66195373,sell
1497735138,38176072,0.44,24.33804627,buy
1497735066,38175992,0.43739,1452.499781,sell
1497735066,38175991,0.43739,1070.764931,sell
1497735066,38175990,0.4374,1672.735,sell
1497735066,38175989,0.4374,804.000288,sell
1497734655,38175512,0.44,159.6709195,buy
1497734650,38175493,0.44,37,buy
1497734650,38175492,0.44,13,buy
1497734636,38175449,0.44,3,buy
1497734636,38175448,0.43819,70,buy
1497734373,38175163,0.43731,1.11552585,sell
1497734373,38175160,0.43731,192.884475,sell
1497734365,38175153,0.4384,16.71734579,buy
1497734365,38175152,0.4382,9.99,buy
1497734365,38175151,0.4374,0.33867831,buy
1497734365,38175150,0.4374,2.9539759,buy
1497734339,38175109,0.43731,1.18270224,sell
1497734338,38175105,0.43731,0.29815116,sell
1497734338,38175102,0.43731,0.25913238,sell
1497734338,38175100,0.43731,1.98703899,sell
1497734231,38174876,0.43731,0.86838935,sell
1497734203,38174765,0.43731,64.390702,sell
1497734203,38174764,0.43731,0.60929784,sell
1497734201,38174740,0.43731,410.56378,sell
1497734124,38174652,0.43731,50,sell
1497734055,38174534,0.43731,0.21207887,sell
1497734048,38174511,0.43731,1.1568651,sell
1497734044,38174487,0.43731,2.38742945,sell
1497734044,38174485,0.43731,0.31143523,sell
1497734044,38174484,0.43731,0.47647732,sell
1497734044,38174483,0.43731,1.67711638,sell
1497734043,38174481,0.43731,5000,sell
1497734039,38174462,0.43731,3.655678,sell
1497734039,38174460,0.43731,0.47681186,sell
1497734039,38174455,0.43731,0.13769349,sell
1497734039,38174453,0.43731,271.0608942,sell
1497734039,38174446,0.4374,1.657982,sell
1497734039,38174445,0.4374,194.3960241,sell
1497734038,38174442,0.4374,2.61313253,sell
1497734038,38174437,0.4374,0.34084337,sell
1497734032,38174411,0.4381,2400,sell
1497733890,38174203,0.4383,2.65,buy
1497733874,38174191,0.4374,2.65,sell
1497733799,38174121,0.4383,405,buy
1497733778,38174094,0.43731,49.43593872,sell
1497733777,38174088,0.43731,0.34050253,sell
1497733776,38174081,0.43731,0.34050253,sell
1497733776,38174080,0.43731,2.6105194,sell
1497733757,38174040,0.43731,5000,sell
1497733740,38174026,0.43731,4983.519931,sell
1497733740,38174025,0.4374,16,sell
1497733740,38174024,0.43741,0.4800688,sell
1497733724,38173991,0.43741,800,sell
1497733657,38173795,0.4401,295,buy
1497733647,38173773,0.438,2490.29857,sell
1497733619,38173735,0.4402,3.06585774,buy
1497733596,38173687,0.4403,2.3973,buy
1497733552,38173619,0.438,5689.697521,sell
1497733552,38173618,0.43801,0.11466143,sell
1497733551,38173615,0.438,1820.00391,sell
1497733551,38173614,0.43801,191.1023809,sell
1497733551,38173613,0.439,21.98452727,sell
1497733551,38173612,0.439,78.82942813,sell
1497733551,38173611,0.43989,45,sell
1497733551,38173610,0.43989,495.3815719,sell
1497733551,38173609,0.44,25,sell
1497733501,38173463,0.4404,19.64620772,sell
1497733501,38173462,0.4404,1972.131397,sell
1497733398,38173303,0.4404,1054.141033,sell
1497733395,38173300,0.4404,1054.141033,sell
1497733331,38173254,0.44041,1.85710776,sell
1497733277,38173199,0.4404,4997.613,buy
1497733227,38173132,0.4404,2.387,buy
1497733198,38173085,0.43989,4.61842813,sell
1497733062,38172983,0.44027,0.29384421,sell
1497733062,38172982,0.44027,822.7085993,sell
1497733051,38172967,0.44027,0.74408522,sell
1497733043,38172939,0.44027,0.61746639,sell
1497733035,38172921,0.44027,4.84171867,sell
1497733029,38172906,0.44027,4.70841818,sell
1497733022,38172859,0.44027,4.76819228,sell
1497733018,38172847,0.44118,136,buy
1497733005,38172798,0.44027,5.36517164,sell
1497733002,38172790,0.44027,0.94810149,sell
1497733002,38172789,0.44027,0.13019679,sell
1497733002,38172779,0.44027,4.87420588,sell
1497732917,38172630,0.44027,0.7,buy
1497732905,38172607,0.44027,1.23,buy
1497732891,38172571,0.44027,2.23,buy
1497732884,38172548,0.44027,4.62,buy
1497732879,38172519,0.44027,7.62,buy
1497732865,38172456,0.44027,676.51,buy
1497732856,38172417,0.44031,2000,buy
1497732846,38172395,0.44037,4.18340673,buy
1497732846,38172388,0.44037,1.53320164,buy
1497732827,38172314,0.44059,11.90960301,buy
1497732827,38172313,0.44058,1.70039699,buy
1497732815,38172264,0.44069,23.33,buy
1497732815,38172263,0.44,1,buy
1497732806,38172242,0.44078,43.52,buy
1497732698,38172009,0.44199,76.48646196,buy
1497732698,38172008,0.44199,1.62353804,buy
1497732627,38171877,0.439,1.13482843,sell
1497732627,38171876,0.439,0.23495768,sell
1497732627,38171875,0.439,0.35282189,sell
1497732626,38171871,0.439,1.39065542,sell
1497732626,38171863,0.439,0.19683561,sell
1497732626,38171860,0.439,3.74594557,sell
1497732626,38171859,0.439,0.06015549,sell
1497732489,38171687,0.439,0.93984451,sell
1497732489,38171686,0.439,168.0326252,sell
1497732401,38171549,0.439,365.4856525,sell
1497732322,38171481,0.43965,81.8,buy
1497732302,38171439,0.43979,181.0487714,buy
1497732110,38171131,0.439,1618.874137,sell
1497732109,38171129,0.439,1619.546705,sell
1497732083,38171072,0.439,23.80688939,sell
1497732050,38171011,0.44,0.03537918,sell
1497732050,38171009,0.44,199.9646208,sell
1497732001,38170947,0.4432,637.9181147,buy
1497732001,38170946,0.441,172.61,buy
1497731991,38170897,0.439,0.64798715,sell
1497731991,38170894,0.439,0.19629216,sell
1497731973,38170859,0.43894,1398.195,buy
1497731973,38170858,0.43893,1321.308,buy
1497731973,38170857,0.43892,1270.05,buy
1497731973,38170856,0.43891,1413.857,buy
1497731973,38170855,0.43888,799.999712,buy
1497731886,38170780,0.43921,270.7186956,buy
1497731849,38170728,0.4374,638,sell
1497731822,38170633,0.4374,221.4356203,sell
1497731786,38170485,0.4374,12.94576053,sell
1497731786,38170484,0.43741,0.75607,sell
1497731786,38170483,0.43741,0.48,sell
1497731622,38170180,0.4374,5016,sell
1497731622,38170179,0.43741,800,sell
1497731622,38170178,0.44,1,sell
1497731622,38170177,0.44,30,sell
1497731622,38170176,0.44,3,sell
1497731495,38170041,0.44128,27.31,buy
1497731456,38169942,0.44041,646.8805718,sell
1497731411,38169873,0.44,7.08,sell
1497731411,38169872,0.44,12.65,sell
1497731411,38169871,0.44,22.58,sell
1497731411,38169870,0.44,40.33,sell
1497731379,38169792,0.44072,0.2,buy
1497731378,38169790,0.44074,0.2,buy
1497731367,38169784,0.44081,3.2,buy
1497731351,38169771,0.44093,180,buy
1497731303,38169701,0.44179,72.24,buy
1497731298,38169693,0.44189,478.4181486,buy
1497731298,38169692,0.4418,32.5818514,buy
1497731280,38169659,0.44289,129.68,buy
1497731268,38169632,0.4372,3236.692015,sell
1497731268,38169631,0.43724,914.8216,sell
1497731178,38169222,0.4372,5168.8749,sell
1497731178,38169221,0.43723,0.136102,sell
1497731178,38169220,0.43724,910.5038897,sell
1497731178,38169216,0.43724,4.31771028,sell
1497731178,38169215,0.44,910.5038897,sell
1497731178,38169206,0.44,172.8961103,sell
1497731178,38169205,0.44,707.6061867,sell
1497731161,38169012,0.442,87.07724649,sell
1497731158,38168998,0.442,1.8577264,sell
1497731156,38168994,0.442,5.24046857,sell
1497731079,38168824,0.44395,1.68801579,buy
1497731027,38168729,0.4416,228.9336214,buy
1497730891,38168614,0.4409,1.90021821,buy
1497730831,38168584,0.44,375.7938133,buy
1497730729,38168354,0.44,1155.836187,buy
1497730729,38168353,0.44,15,buy
1497730729,38168352,0.44,3721.058521,buy
1497730729,38168351,0.43999,258.691292,buy
1497730707,38168316,0.44,917.9850705,buy
1497730707,38168315,0.43999,1.04300426,buy
1497730707,38168314,0.43999,179.7028542,buy
1497730698,38168307,0.43999,41.679071,buy
1497730650,38168276,0.43999,5.95409043,buy
1497730650,38168269,0.43999,5.19120773,buy
1497730649,38168265,0.43999,5.80464233,buy
1497730647,38168257,0.43999,6.72789938,buy
1497730646,38168256,0.43999,10.24270017,buy
1497730621,38168228,0.43999,250,buy
1497730460,38167996,0.43999,33.525642,buy
1497730340,38167747,0.43999,2,buy
1497730250,38167555,0.43723,1115.792241,sell
1497730250,38167554,0.43723,258.8466,sell
1497730188,38167430,0.43723,541.1534,sell
1497730039,38166946,0.44,443.5480114,buy
1497729847,38166592,0.44,9.95404393,buy
1497729726,38166395,0.437,1774.75107,sell
1497729726,38166394,0.437,1.28457,sell
1497729726,38166393,0.437,63.66706854,sell
1497729683,38166313,0.44,0.19015056,buy
1497729366,38165756,0.44,300,buy
1497729292,38165674,0.43701,55.92785664,buy
1497729223,38165537,0.43701,1.001152,sell
1497729096,38165329,0.44,607.2642024,buy
1497729096,38165328,0.4399,10,buy
1497729096,38165327,0.43989,1.001152,buy
1497729096,38165326,0.43987,798.998848,buy
1497729096,38165325,0.43986,95.37122877,buy
1497728930,38165004,0.43986,9,buy
1497728919,38164991,0.437,4.56207202,sell
1497728918,38164987,0.43986,80,buy
1497728879,38164923,0.43986,7.95640482,buy
1497728879,38164922,0.43986,241.0335976,buy
1497728693,38164653,0.43873,2.5094,buy
1497728480,38164169,0.43836,46.65329196,buy
1497728355,38163853,0.437,106.831601,sell
1497728355,38163852,0.437,52.57860349,sell
1497728347,38163809,0.43901,203.6031325,sell
1497728346,38163800,0.43901,39.93986512,sell
1497728345,38163793,0.43901,159.4102045,sell
1497728330,38163748,0.43933,215,buy
1497728303,38163693,0.43901,9.42211288,sell
1497728286,38163644,0.43901,204.155268,sell
1497728285,38163639,0.43901,204.469417,sell
1497728264,38163617,0.43935,9.499424,buy
1497728264,38163616,0.43935,0.500576,buy
1497728216,38163545,0.43916,10,buy
1497728196,38163524,0.437,1372.991825,sell
1497728196,38163523,0.437,1371.312307,sell
1497728195,38163522,0.437,1375.743311,sell
1497728066,38163302,0.437,10.78115796,sell
1497728058,38163285,0.43791,0.5,buy
1497728054,38163262,0.437,10.77085224,sell
1497728052,38163258,0.437,10.76120179,sell
1497728048,38163247,0.438,0.39040516,sell
1497728047,38163242,0.438,1780.87616,sell
1497728047,38163240,0.438,669.30537,sell
1497728046,38163236,0.438,669.6957899,sell
1497728045,38163232,0.438,10.93949677,sell
1497727998,38163115,0.4394,1179,buy
1497727996,38163110,0.4394,0.98,buy
1497727919,38162893,0.4388,1000,sell
1497727827,38162734,0.438,1248.792778,sell
1497727827,38162733,0.4383,4380,sell
1497727827,38162732,0.4385,20,sell
1497727827,38162731,0.4385,1507.970515,sell
1497727810,38162707,0.4385,2100,sell
1497727800,38162692,0.439,2,buy
1497727782,38162660,0.4385,1,sell
1497727714,38162559,0.4385,550,sell
1497727712,38162554,0.4385,10.87457341,sell
1497727699,38162538,0.4385,19.69184982,sell
1497727698,38162537,0.4385,11.70550566,sell
1497727698,38162533,0.4385,13.40053122,sell
1497727698,38162530,0.4385,13.7406556,sell
1497727698,38162526,0.4385,13.34950959,sell
1497727698,38162522,0.4385,20.50885083,sell
1497727688,38162505,0.4385,22.7580088,sell
1497727668,38162481,0.4389,5.30391352,buy
1497727664,38162476,0.4385,4.95560113,sell
1497727663,38162474,0.4385,90.044399,sell
1497727619,38162386,0.4388,1,buy
1497727528,38162249,0.43831,163,buy
1497727474,38162184,0.43796,1,sell
1497727384,38162002,0.4394,3.78364997,buy
1497727360,38161942,0.43917,9.20986,buy
1497727346,38161911,0.43931,1.001001,buy
1497727327,38161863,0.43925,7.22598977,buy
1497727326,38161854,0.43925,2.87482167,buy
1497727321,38161837,0.43934,1.001001,buy
1497727319,38161831,0.43935,4.16051278,buy
1497727286,38161776,0.43796,0.9220952,buy
1497727272,38161756,0.43796,1.17727646,buy
1497727265,38161753,0.43796,1.89806229,buy
1497727195,38161589,0.435,1.00346404,buy
1497727195,38161588,0.435,1.001001,buy
1497727176,38161552,0.435,3.41356245,buy
1497727154,38161395,0.43,3957.563074,buy
1497727154,38161387,0.43,0.19141755,buy
1497727154,38161386,0.43,2435.513548,buy
1497727154,38161384,0.43,40.66275658,buy
1497727154,38161378,0.43,96.71504122,buy
1497727154,38161376,0.43,0.19335297,buy
1497727154,38161373,0.43,1.8172859,buy
1497727154,38161368,0.43,15.20549353,buy
1497727154,38161367,0.43,90.78057975,buy
1497727154,38161365,0.43,0.19856316,buy
1497727154,38161359,0.43,18.53703825,buy
1497727154,38161358,0.43,1.52225702,buy
1497727153,38161339,0.43,3.56428712,buy
1497727153,38161336,0.43,15.73489428,buy
1497727152,38161325,0.43,10.27924366,buy
1497727152,38161324,0.43,13.8676228,sell
1497727152,38161323,0.43044,11.42771126,sell
1497727152,38161322,0.43046,0.95999999,sell
1497727152,38161321,0.43047,7567.021,sell
1497727152,38161320,0.43048,11.12259884,sell
1497727152,38161319,0.4305,10.27924366,sell
1497727152,38161318,0.43051,696.84299,sell
1497727013,38160651,0.43019,6.27,sell
1497726995,38160504,0.43,2.84635967,buy
1497726995,38160503,0.43,7.43288399,buy
1497726995,38160502,0.43,3.62313509,buy
1497726995,38160500,0.43,50,sell
1497726995,38160499,0.43,43.61,sell
1497726995,38160498,0.43,203.1687209,sell
1497726995,38160497,0.43,2200,sell
1497726995,38160496,0.43,800,sell
1497726995,38160495,0.43,15.566,sell
1497726995,38160494,0.43,1250,sell
1497726995,38160493,0.43,177.2304429,sell
1497726995,38160492,0.43001,10,sell
1497726995,38160491,0.43059,3489.714171,sell
1497726995,38160490,0.43071,956.668,sell
1497726995,38160489,0.43071,696.51938,sell
1497726995,38160488,0.43132,43.37976811,sell
1497726995,38160487,0.43133,6.86137013,sell
1497726995,38160486,0.43136,43.379768,sell
1497726927,38160094,0.43059,12510.28583,sell
1497726927,38160093,0.4306,10000,sell
1497726927,38160092,0.43072,800,sell
1497726927,38160091,0.43076,596.41995,sell
1497726927,38160090,0.4308,100,sell
1497726927,38160089,0.43084,100,sell
1497726927,38160088,0.435,25000,sell
1497726927,38160087,0.436,50,sell
1497726927,38160086,0.436,89.63425275,sell
1497726927,38160085,0.4362,500,sell
1497726927,38160084,0.4362,89.8358475,sell
1497726927,38160083,0.43621,91.24090431,sell
1497726927,38160082,0.43621,72.5832166,sell
1497726880,38159928,0.44089,13,sell
1497726872,38159896,0.43621,17.41955872,sell
1497726848,38159816,0.4409,997.9139515,buy
1497726848,38159815,0.44089,2.08604846,buy
1497726734,38159624,0.43621,30.85393302,sell
1497726734,38159623,0.43621,2.05616329,sell
1497726734,38159622,0.43621,0.2681952,sell
1497726734,38159621,0.43621,15.76391847,sell
1497726609,38159328,0.4362,1075.575336,buy
1497726609,38159327,0.4362,0.616293,sell
1497726609,38159326,0.4362,150,sell
1497726609,38159325,0.4362,1,sell
1497726563,38159241,0.441,212,buy
1497726533,38159175,0.4409,0.37,buy
1497726301,38158378,0.43621,163.3199823,sell
1497726101,38157853,0.43622,606.8330443,buy
1497726080,38157810,0.43622,72.31875516,buy
1497726078,38157801,0.43622,76.39438171,buy
1497726075,38157792,0.43622,79.77713373,buy
1497726045,38157757,0.43622,12.34117394,buy
1497726044,38157754,0.43622,12.34117394,buy
1497726043,38157750,0.43622,34.33975844,buy
1497726042,38157748,0.43622,34.70238817,buy
1497726042,38157745,0.43622,69.04214664,buy
1497725909,38157531,0.4362,72.77949132,sell
1497725909,38157530,0.43624,100,sell
1497725909,38157529,0.43631,163.4180332,sell
1497725909,38157528,0.43631,0.16865352,sell
1497725909,38157527,0.43635,8.737132,sell
1497725909,38157526,0.43635,8.89669,sell
1497725899,38157512,0.43635,154.69,sell
1497725713,38157021,0.43635,111.1956717,sell
1497725679,38156921,0.44248,28.93569739,buy
1497725679,38156920,0.44248,17.3320238,buy
1497725570,38156613,0.44,2500,sell
1497725570,38156612,0.44,86.02333917,sell
1497725570,38156611,0.44013,1,sell
1497725570,38156610,0.44013,81.33927447,sell
1497725515,38156516,0.44013,11.7050899,sell
1497725510,38156441,0.44013,12.55602303,sell
1497725509,38156434,0.44013,12.55602303,sell
1497725499,38156375,0.44013,35.89612927,sell
1497725499,38156373,0.44013,645.9474603,sell
1497725499,38156372,0.44013,50,sell
1497725499,38156371,0.44017,40.42037523,sell
1497725259,38155835,0.44589,2.7263,buy
1497725145,38155423,0.44017,641.1282648,sell
1497725119,38155322,0.44014,72,buy
1497725113,38155303,0.44017,50,sell
1497725068,38155079,0.44028,17.00589933,buy
1497725067,38155075,0.44028,6.9825,buy
1497725061,38154978,0.44028,100.1817497,buy
1497725061,38154976,0.44028,40.9,buy
1497725050,38154915,0.44028,3,buy
1497724984,38154697,0.44028,2.01253496,buy
1497724984,38154691,0.44028,28.10623737,buy
1497724983,38154687,0.44028,19.34140686,buy
1497724983,38154683,0.44037,19.341407,sell
1497724950,38154566,0.44059,0.57062246,sell
1497724882,38154180,0.4469,5199.610413,buy
1497724882,38154179,0.44679,42000,buy
1497724882,38154178,0.44678,800,buy
1497724882,38154177,0.44558,569.4206934,buy
1497724882,38154176,0.4453,5000,buy
1497724848,38154017,0.4441,907.5505495,buy
1497724769,38153618,0.4458,161.8152886,buy
1497724769,38153617,0.44579,118.8718727,buy
1497724688,38153388,0.4451,5.4,buy
1497724676,38153214,0.4451,3.8,buy
1497724410,38152289,0.4458,1878.667281,buy
1497724410,38152288,0.44579,13.3327191,buy
1497724370,38152218,0.4441,100,sell
1497724353,38152201,0.4441,3,buy
1497724353,38152200,0.442,835.5731436,buy
1497724343,38152187,0.442,2.6019,buy
1497724342,38152184,0.442,89.61774138,buy
1497724336,38152176,0.442,5.3096854,buy
1497724321,38152119,0.442,38.36759102,buy
1497724321,38152118,0.442,28.52993863,buy
1497724253,38152000,0.44,86.23893651,buy
1497724238,38151984,0.44,59.45677013,buy
1497724238,38151983,0.44,0.55151286,buy
1497724220,38151966,0.44,26.87639025,buy
1497724220,38151965,0.44,26.87639025,buy
1497724132,38151831,0.44,31.5845477,buy
1497724131,38151822,0.44,22.52161921,buy
1497724131,38151819,0.44,45.89383309,buy
1497724079,38151741,0.44379,57.76368595,sell
1497724063,38151702,0.44379,3.92620156,buy
1497723899,38151258,0.4441,100,buy
1497723635,38150014,0.4434,4.43495367,sell
1497723545,38149711,0.4449,275,buy
1497723532,38149674,0.4439,8.26036109,sell
1497723532,38149671,0.4439,8.36115523,sell
1497723532,38149670,0.4439,8.36115523,sell
1497723532,38149669,0.4439,8.36115523,sell
1497723532,38149668,0.4439,8.36115523,sell
1497723532,38149667,0.4439,8.36115523,sell
1497723532,38149666,0.4439,8.36115523,sell
1497723532,38149665,0.4439,8.36115523,sell
1497723532,38149664,0.4439,8.36115523,sell
1497723532,38149663,0.4439,8.36115523,sell
1497723532,38149662,0.4439,8.36115523,sell
1497723532,38149661,0.4439,8.36115523,sell
1497723532,38149660,0.4439,8.36115523,sell
1497723532,38149658,0.4439,8.36115523,sell
1497723532,38149653,0.4439,8.36115523,sell
1497723532,38149650,0.4439,8.36115523,sell
1497723531,38149646,0.4439,8.36115523,sell
1497723531,38149644,0.4439,8.36115523,sell
1497723483,38149457,0.43658,109.9061464,sell
1497723483,38149456,0.43658,177.4699613,sell
1497723451,38149420,0.43748,32.84805545,buy
1497723451,38149418,0.43748,210.6502007,buy
1497723426,38149366,0.43748,160.5493258,buy
1497723425,38149363,0.43748,210.6502007,buy
1497723424,38149360,0.43748,210.6502007,buy
1497723424,38149357,0.43748,210.6502007,buy
1497723423,38149355,0.43748,210.6502007,buy
1497723423,38149349,0.43748,210.6502007,buy
1497723422,38149344,0.43748,254.3938122,buy
1497723422,38149342,0.43748,210.6502007,buy
1497723422,38149341,0.43748,210.661287,buy
1497723422,38149338,0.43748,136.3240446,buy
1497723421,38149333,0.43748,217.0550825,buy
1497723421,38149331,0.43748,210.6502007,buy
1497723421,38149330,0.43748,88.02695614,buy
1497723421,38149329,0.43744,120.615933,buy
1497723420,38149326,0.43744,210.6694628,buy
1497723420,38149322,0.43744,208.8560236,buy
1497723420,38149321,0.43744,118.6905546,buy
1497723420,38149307,0.436,414.0869095,buy
1497723382,38149185,0.436,27.09188201,buy
1497723382,38149182,0.436,27.09188201,buy
1497723382,38149179,0.436,27.09188201,buy
1497723304,38149030,0.436,0.10728378,buy
1497723304,38149029,0.436,0.10728378,buy
1497723303,38149028,0.436,0.10728378,buy
1497723302,38149027,0.436,0.10728378,buy
1497723286,38148993,0.436,100.0371566,buy
1497723286,38148990,0.436,72.95189014,buy
1497723286,38148988,0.436,26.91365598,buy
1497723285,38148982,0.436,26.94195064,buy
1497723285,38148981,0.436,26.91365598,buy
1497723285,38148974,0.43744,26.91365598,buy
1497723284,38148962,0.43748,26.91365598,buy
1497723284,38148957,0.43748,26.94059657,buy
1497723284,38148955,0.43748,26.91636138,buy
1497723284,38148953,0.43748,26.91636138,buy
1497723284,38148949,0.43748,26.91636138,buy
1497723284,38148946,0.43748,26.91636138,buy
1497723284,38148939,0.43748,26.91636138,buy
1497723284,38148932,0.43748,26.36284616,buy
1497723284,38148931,0.43744,0.55351522,buy
1497723284,38148930,0.43744,26.91636138,buy
1497723284,38148928,0.43744,26.91636138,buy
1497723284,38148926,0.43744,26.91636138,buy
1497723283,38148918,0.43744,26.94195064,buy
1497723283,38148915,0.43748,26.94330469,buy
1497723283,38148911,0.43748,26.91636138,buy
1497723283,38148909,0.43748,32.23305531,buy
1497723283,38148906,0.43748,26.94306005,buy
1497723283,38148902,0.43748,157.9767996,buy
1497723282,38148898,0.43748,26.91365598,buy
1497723282,38148892,0.43748,26.91365598,buy
1497723282,38148891,0.43748,32.23278931,buy
1497723281,38148852,0.43748,26.91365598,buy
1497723281,38148851,0.43748,26.94059657,buy
1497723281,38148850,0.43748,26.94059657,buy
1497723280,38148821,0.43748,26.91365598,buy
1497723280,38148819,0.43748,26.91365598,buy
1497723280,38148795,0.43748,447.3024124,buy
1497723280,38148794,0.43744,100.2899576,buy
1497723276,38148777,0.43744,208.2908624,buy
1497723266,38148755,0.43748,91.63443643,buy
1497723265,38148743,0.43748,91.63443643,buy
1497723265,38148742,0.43744,117.6276731,buy
1497723264,38148737,0.43744,209.2621096,buy
1497723260,38148724,0.43744,26.90649677,buy
1497723257,38148717,0.43744,53.27244879,buy
1497723257,38148716,0.43744,53.27244879,buy
1497723256,38148708,0.43744,26.85659198,buy
1497723256,38148707,0.43744,24.88295823,buy
1497723256,38148704,0.43744,26.85659198,buy
1497723256,38148703,0.43744,26.85659198,buy
1497723256,38148701,0.43744,53.27244879,buy
1497723240,38148644,0.43,42.76955708,sell
1497723240,38148643,0.43,100,sell
1497723239,38148642,0.43004,397.54187,sell
1497723239,38148641,0.43009,4.18857292,sell
1497723239,38148640,0.43009,295.8114271,sell
1497723239,38148639,0.4301,44.32195047,sell
1497723239,38148638,0.43013,191.75057,sell
1497723239,38148637,0.43014,44.32195047,sell
1497723239,38148636,0.434,8.13999205,sell
1497723239,38148635,0.435,200,sell
1497723239,38148634,0.435,9.82849766,sell
1497723239,38148633,0.435,290.1715023,sell
1497723239,38148632,0.43501,209.8284977,sell
1497723215,38148571,0.436,7.014951,sell
1497723215,38148570,0.436,105.44,sell
1497723215,38148569,0.436,9342.422636,sell
1497723126,38148345,0.437,450,buy
1497723111,38148303,0.43748,7.089127,buy
1497723110,38148302,0.43748,3218.74629,buy
1497723097,38148268,0.43748,30.03003003,buy
1497723090,38148250,0.43748,255,buy
1497723090,38148249,0.43748,191.0314701,buy
1497723090,38148248,0.437,96.92148226,buy
1497723062,38148176,0.437,552.407662,buy
1497723062,38148174,0.437,131.2755432,buy
1497723055,38148141,0.437,2.4028,buy
1497723024,38148020,0.437,20.02002002,buy
1497723024,38148013,0.437,20.02002002,buy
1497723011,38147949,0.437,1299,buy
1497722993,38147933,0.437,6.9,buy
1497722978,38147886,0.437,10,buy
1497722934,38147843,0.43675,100,sell
1497722924,38147838,0.437,1,buy
1497722899,38147802,0.43675,5785,sell
1497722884,38147773,0.43675,66.317908,sell
1497722879,38147764,0.437,1043,buy
1497722865,38147732,0.437,250,buy
1497722832,38147636,0.43675,341.478694,sell
1497722797,38147563,0.437,0.26860651,buy
1497722797,38147561,0.437,25.69729649,buy
1497722797,38147558,0.437,2.05931655,buy
1497722797,38147555,0.437,19.23935734,buy
1497722797,38147553,0.437,15.78809354,buy
1497722797,38147552,0.437,121.0420505,buy
1497722786,38147540,0.43748,10.02002966,buy
1497722786,38147536,0.43675,6507.0824,sell
1497722784,38147531,0.43748,10.01001001,buy
1497722691,38147344,0.43675,2987.15,sell
1497722691,38147343,0.437,12.85,sell
1497722614,38147172,0.43675,389.324427,sell
1497722596,38147149,0.43748,3.49,buy
1497722587,38147135,0.4374,251.23613,buy
1497722573,38147088,0.43675,6681.405209,sell
1497722573,38147087,0.437,221.267233,sell
1497722573,38147086,0.437,98.10455766,sell
1497722565,38147078,0.43748,137,buy
1497722500,38146972,0.437,36.7852853,sell
1497722500,38146957,0.437,15.11015704,sell
1497722475,38146817,0.43748,0.1001001,buy
1497722465,38146790,0.4374,1,buy
1497722447,38146731,0.4374,8,buy
1497722429,38146674,0.43748,3996.36774,buy
1497722429,38146673,0.43747,3.63226042,buy
1497722371,38146367,0.43675,5000,sell
1497722366,38146359,0.43675,3.106414,sell
1497722365,38146350,0.43675,756.8094158,sell
1497722338,38146313,0.43675,5000,sell
1497722337,38146310,0.437,15,sell
1497722327,38146272,0.43819,791.5648596,buy
1497722327,38146271,0.43819,2.39999914,buy
1497722327,38146270,0.43819,2.40144,buy
1497722215,38145953,0.43675,51.12712099,sell
1497722215,38145951,0.43675,57.41719736,sell
1497722215,38145950,0.43675,0.1274155,sell
1497722215,38145944,0.43675,0.97685213,sell
1497722215,38145943,0.43675,7.48919965,sell
1497722215,38145942,0.43675,352.2932038,sell
1497722214,38145936,0.43675,391.9745943,sell
1497722214,38145935,0.43675,89.60939076,sell
1497722214,38145932,0.43675,51.12712099,sell
1497722214,38145931,0.43675,208.0498778,sell
1497722214,38145927,0.43675,147.9805727,sell
1497722214,38145926,0.43675,12.1529939,sell
1497722214,38145917,0.43675,16.97330458,sell
1497722213,38145914,0.43675,11.6881814,sell
1497722213,38145905,0.43675,237.5041323,sell
1497722213,38145901,0.43675,11.6881814,sell
1497722183,38145836,0.43675,2000,sell
1497722176,38145828,0.43675,4997.59856,sell
1497722176,38145827,0.43676,2.40144,sell
1497722159,38145796,0.44166,159.2,buy
1497722158,38145791,0.436,31.25619217,sell
1497722158,38145790,0.436,287.7541422,sell
1497722158,38145787,0.436,99.45276833,sell
1497722158,38145783,0.436,12.97210022,sell
1497722157,38145778,0.44178,240,buy
1497722157,38145771,0.436,161.5171972,sell
1497722157,38145767,0.436,79.9528454,sell
1497722157,38145762,0.436,31.25619217,sell
1497722157,38145758,0.436,26.62819936,sell
1497722157,38145756,0.436,20.22600492,sell
1497722157,38145749,0.436,12.54069206,sell
1497722157,38145748,0.436,287.7541422,sell
1497722119,38145657,0.436,1135.089708,sell
1497722117,38145654,0.4398,118.078848,buy
1497722117,38145653,0.43979,1.921152,buy
1497722056,38145526,0.436,1.91751385,sell
1497721931,38145207,0.436,0.401,sell
1497721918,38145163,0.436,2992.605639,sell
1497721918,38145162,0.43611,800,sell
1497721918,38145161,0.4365,10000,sell
1497721918,38145160,0.4365,18.7,sell
1497721918,38145159,0.43654,551.62505,sell
1497721918,38145158,0.4367,135.529356,sell
1497721918,38145157,0.43674,135.52936,sell
1497721918,38145156,0.44,50,sell
1497721918,38145155,0.44,784.4635946,sell
1497721880,38145061,0.44,574.5488014,sell
1497721880,38145060,0.44,380.2101987,sell
1497721880,38145056,0.44,48.23020388,sell
1497721880,38145055,0.44,1140.983588,sell
1497721880,38145054,0.44,1474.702942,sell
1497721880,38145053,0.44,100,sell
1497721880,38145052,0.44,1616.564832,sell
1497721880,38145051,0.44001,0.48,sell
1497721880,38145050,0.441,2592.813225,sell
1497721878,38144962,0.442,988.3628523,sell
1497721860,38144894,0.442,31.87443862,sell
1497721860,38144888,0.442,31.84256418,sell
1497721860,38144886,0.442,15.92014488,sell
1497721860,38144883,0.44269,32.06391959,sell
1497721859,38144869,0.44269,47.93608041,sell
1497721811,38144753,0.44489,206.19,buy
1497721811,38144752,0.44489,6.31,buy
1497721774,38144704,0.44489,2.69,buy
1497721611,38144446,0.44896,461.9743498,buy
1497721611,38144445,0.44794,9.05,buy
1497721560,38144271,0.44269,545.0120589,sell
1497721560,38144270,0.4427,154.6486956,sell
1497721560,38144269,0.4444,2.22885486,sell
1497721560,38144268,0.4445,8.39047469,sell
1497721560,38144267,0.44452,50,sell
1497721549,38144186,0.44793,100,buy
1497721538,38144109,0.44793,81,buy
1497721351,38143548,0.4444,1,sell
1497721345,38143483,0.4444,84.32391464,buy
1497721344,38143482,0.4444,100.2788137,buy
1497721269,38143109,0.4441,0.5,sell
1497721253,38143047,0.44408,3489,sell
1497721253,38143046,0.44409,800,sell
1497721100,38142170,0.44792,61.16605306,buy
1497721100,38142169,0.447,30,buy
1497721100,38142168,0.4441,228.013363,buy
1497721100,38142156,0.4441,32.76343796,buy
1497721099,38142149,0.4441,32.76343796,buy
1497721099,38142148,0.4441,32.76343796,buy
1497721099,38142147,0.4441,32.76343796,buy
1497721099,38142145,0.4441,32.76343796,buy
1497721099,38142144,0.4441,12.50595759,buy
1497721099,38142139,0.4441,32.76343796,buy
1497721095,38142110,0.4441,12.50595759,buy
1497721095,38142109,0.4441,32.76343796,buy
1497721095,38142108,0.4441,32.76343796,buy
1497721095,38142107,0.4441,32.76343796,buy
1497721095,38142106,0.4441,32.76343796,buy
1497721095,38142105,0.4441,32.76343796,buy
1497721095,38142104,0.4441,32.76343796,buy
1497721082,38142039,0.4441,45,buy
1497721078,38142025,0.4441,7,buy
1497721005,38141697,0.4441,74.09052252,buy
1497721002,38141693,0.4441,80.36924555,buy
1497721002,38141690,0.4441,80.36959374,buy
1497721002,38141688,0.4441,6.27872303,buy
1497721002,38141687,0.4441,60.70538142,buy
1497721002,38141686,0.444,1.32152423,buy
1497720963,38141576,0.444,28.67847577,sell
1497720950,38141541,0.444,1.32152423,sell
1497720915,38141447,0.44796,0.85,buy
1497720881,38141372,0.444,0.66062209,sell
1497720876,38141360,0.444,0.66153414,sell
1497720875,38141355,0.444,0.66155344,sell
1497720872,38141346,0.444,0.6614222,sell
1497720861,38141290,0.444,0.6805454,sell
1497720856,38141262,0.444,1.88652617,sell
1497720856,38141259,0.444,1.88652617,sell
1497720854,38141244,0.444,1.88652617,sell
1497720852,38141229,0.444,1.88652617,sell
1497720799,38140915,0.4478,40.40160294,buy
1497720796,38140903,0.44789,79.70826977,buy
1497720796,38140902,0.44789,79.70826977,buy
1497720796,38140901,0.44789,79.70826977,buy
1497720796,38140900,0.44789,79.70826977,buy
1497720796,38140899,0.44789,3.84404655,buy
1497720796,38140898,0.44789,75.86422322,buy
1497720796,38140897,0.44789,79.70826977,buy
1497720796,38140896,0.44789,79.70826977,buy
1497720796,38140895,0.44789,79.70826977,buy
1497720796,38140894,0.44789,79.70826977,buy
1497720796,38140893,0.44789,79.70826977,buy
1497720796,38140892,0.44789,79.70826977,buy
1497720796,38140891,0.44789,79.70826977,buy
1497720796,38140890,0.44789,79.70826977,buy
1497720796,38140889,0.44789,79.70826977,buy
1497720796,38140888,0.44789,79.70826977,buy
1497720796,38140887,0.44789,79.70826977,buy
1497720796,38140886,0.44789,79.70826977,buy
1497720796,38140885,0.44789,79.70826977,buy
1497720796,38140884,0.44789,79.70826977,buy
1497720795,38140883,0.4479,79.73929251,buy
1497720769,38140668,0.444,52.52713318,sell
1497720764,38140661,0.444,52.52713318,sell
1497720764,38140660,0.449,80.55409916,buy
1497720763,38140658,0.449,80.55409916,buy
1497720763,38140656,0.449,80.55409916,buy
1497720763,38140655,0.449,80.55409916,buy
1497720763,38140654,0.449,80.55409916,buy
1497720762,38140651,0.449,80.55409916,buy
1497720762,38140650,0.444,0.29779969,sell
1497720762,38140649,0.449,80.55409916,buy
1497720762,38140648,0.449,80.55409916,buy
1497720762,38140646,0.449,80.55409916,buy
1497720762,38140645,0.449,80.55409916,buy
1497720762,38140644,0.449,80.55409916,buy
1497720762,38140643,0.449,79.65566631,buy
1497720762,38140642,0.449,80.55409916,buy
1497720762,38140641,0.449,79.65566631,buy
1497720762,38140640,0.449,79.65566631,buy
1497720762,38140639,0.449,79.65566631,buy
1497720762,38140638,0.449,79.65566631,buy
1497720762,38140636,0.449,34.49107647,buy
1497720762,38140635,0.44899,45.16458984,buy
1497720762,38140634,0.44899,79.65566631,buy
1497720762,38140633,0.44899,79.65566631,buy
1497720762,38140632,0.44899,79.65566631,buy
1497720762,38140631,0.44899,79.65566631,buy
1497720761,38140630,0.44899,79.65566631,buy
1497720761,38140629,0.449,79.65566631,buy
1497720761,38140628,0.449,79.65566631,buy
1497720761,38140627,0.449,79.65566631,buy
1497720761,38140626,0.449,79.65566631,buy
1497720761,38140625,0.449,79.65566631,buy
1497720761,38140624,0.449,79.65566631,buy
1497720761,38140623,0.449,79.65566631,buy
1497720761,38140622,0.449,79.65566631,buy
1497720761,38140620,0.449,79.65566631,buy
1497720761,38140619,0.449,79.65566631,buy
1497720761,38140618,0.449,79.65566631,buy
1497720761,38140617,0.449,79.65566631,buy
1497720761,38140616,0.449,79.65566631,buy
1497720761,38140614,0.449,79.65566631,buy
1497720761,38140613,0.449,79.65566631,buy
1497720761,38140612,0.449,79.65566631,buy
1497720761,38140611,0.449,79.65566631,buy
1497720761,38140610,0.449,79.65566631,buy
1497720761,38140609,0.449,79.65566631,buy
1497720761,38140608,0.449,79.65566631,buy
1497720761,38140607,0.449,79.65566631,buy
1497720761,38140606,0.449,79.65566631,buy
1497720761,38140604,0.449,79.65566631,buy
1497720761,38140603,0.449,79.65566631,buy
1497720761,38140602,0.449,79.65566631,buy
1497720761,38140601,0.449,79.65566631,buy
1497720761,38140600,0.449,79.65566631,buy
1497720761,38140599,0.449,79.65566631,buy
1497720761,38140598,0.449,79.65566631,buy
1497720760,38140597,0.449,79.65566631,buy
1497720760,38140596,0.449,79.65566631,buy
1497720760,38140595,0.44909,80.55591271,buy
1497720760,38140593,0.44909,80.55591271,buy
1497720760,38140592,0.44909,80.44521317,buy
1497720760,38140591,0.44909,0.10888599,buy
1497720760,38140588,0.444,6.43865985,sell
1497720759,38140586,0.4491,80.55409916,buy
1497720759,38140581,0.444,26.54715748,sell
1497720759,38140577,0.44919,80.55409916,buy
1497720759,38140574,0.44919,80.55409916,buy
1497720759,38140573,0.44919,12.47801523,buy
1497720758,38140570,0.44919,80.55409916,buy
1497720758,38140569,0.44919,80.55409916,buy
1497720758,38140568,0.4492,80.55409916,buy
1497720758,38140567,0.4492,80.55409916,buy
1497720758,38140566,0.4492,80.55409916,buy
1497720758,38140565,0.444,80.8537124,sell
1497720758,38140564,0.4492,80.55409916,buy
1497720758,38140562,0.4492,80.55409916,buy
1497720758,38140561,0.4492,80.55409916,buy
1497720758,38140560,0.4492,80.55409916,buy
1497720758,38140559,0.4492,80.55409916,buy
1497720758,38140558,0.4492,80.55409916,buy
1497720758,38140557,0.444,80.8537124,sell
1497720758,38140556,0.4492,80.55409916,buy
1497720758,38140555,0.4492,80.55409916,buy
1497720758,38140554,0.4492,80.55409916,buy
1497720757,38140553,0.4492,80.55409916,buy
1497720757,38140551,0.4492,80.55409916,buy
1497720757,38140550,0.4492,80.55534391,buy
1497720757,38140549,0.444,80.55591271,sell
1497720757,38140548,0.4492,80.55591271,buy
1497720746,38140512,0.4444,232.9791601,sell
1497720744,38140505,0.44419,2617.344,buy
1497720744,38140504,0.444,1494.247177,sell
1497720721,38140394,0.444,54.30655492,sell
1497720721,38140393,0.444,80.8537124,sell
1497720721,38140392,0.444,80.8537124,sell
1497720721,38140391,0.444,80.8537124,sell
1497720721,38140390,0.444,80.85369232,sell
1497720670,38140252,0.44448,80.09446902,buy
1497720664,38140242,0.444,0.14576372,sell
1497720659,38140232,0.444,3.83410888,sell
1497720657,38140226,0.444,13.17,sell
1497720657,38140225,0.444,13,sell
1497720655,38140205,0.444,732.807649,sell
1497720653,38140197,0.444,1521.36,sell
1497720653,38140193,0.444,1587.05091,sell
1497720653,38140192,0.44404,30,sell
1497720653,38140191,0.4444,1,sell
1497720653,38140190,0.445,113.7602462,sell
1497720653,38140189,0.44563,0.00010093,sell
1497720652,38140188,0.44563,218.9382631,sell
1497720652,38140187,0.4463,0.0000479,sell
1497720652,38140186,0.4463,399.9999521,sell
1497720652,38140181,0.44631,685,sell
1497720652,38140179,0.44945,201.4154156,sell
1497720645,38140137,0.44948,79.60756527,buy
1497720645,38140134,0.44948,79.60756527,buy
1497720645,38140133,0.44948,62.94299755,buy
1497720645,38140132,0.44948,79.60756527,buy
1497720644,38140130,0.44948,79.60756527,buy
1497720644,38140128,0.44948,79.60785262,buy
1497720567,38139521,0.44945,0.04038303,sell
1497720556,38139467,0.44945,484.3806214,buy
1497720518,38139297,0.44945,215,buy
1497720390,38138751,0.44947,10,buy
1497720386,38138703,0.44947,10,buy
1497720382,38138699,0.44947,10,buy
1497720368,38138646,0.44947,70.13937861,buy
1497720350,38138602,0.44599,398,sell
1497720350,38138601,0.44599,800,sell
1497720338,38138578,0.44948,2242.95,buy
1497720335,38138566,0.44948,189.264484,buy
1497720272,38138392,0.44948,1685.995862,buy
1497720271,38138388,0.44948,7,buy
1497720252,38138242,0.44948,500,buy
1497720190,38138135,0.44948,79.60108885,buy
1497720190,38138134,0.44948,22.47600232,buy
1497720190,38138133,0.44948,79.60108885,buy
1497720190,38138130,0.44948,79.60108206,buy
1497720190,38138128,0.44948,66.31091199,buy
1497720190,38138127,0.44948,79.45281,buy
1497720190,38138125,0.44948,79.45281,buy
1497720190,38138123,0.44948,79.45281,buy
1497720174,38138049,0.44948,79.50513119,buy
1497720174,38138048,0.44948,79.50513119,buy
1497720173,38138046,0.44948,79.50513119,buy
1497720164,38138020,0.44948,735.1394899,buy
1497720158,38138010,0.44948,79.617345,buy
1497720157,38138006,0.44948,1007.760909,buy
1497720157,38138005,0.44947,83.00440248,buy
1497720121,38137697,0.44947,0.1,buy
1497720120,38137694,0.44947,0.1,buy
1497720119,38137688,0.44935,0.1,buy
1497720117,38137686,0.44935,0.1,buy
1497720113,38137678,0.44935,1.87390483,buy
1497720110,38137672,0.44638,1.88702591,buy
1497720108,38137670,0.44639,1.88702591,buy
1497720107,38137668,0.44935,172.8929741,buy
1497720107,38137667,0.44934,1.88702591,buy
1497720105,38137661,0.44638,1.88702591,buy
1497720060,38137529,0.44633,2.10850974,sell
1497720042,38137437,0.4463,0.18730778,sell
1497719979,38137161,0.446,799.2999999,buy
1497719931,38136810,0.44506,1.92108929,sell
1497719917,38136604,0.445,0.96138281,sell
1497719914,38136584,0.44939,12.01201201,buy
1497719901,38136513,0.44597,0.93745643,sell
1497719898,38136497,0.44596,0.93770191,sell
1497719892,38136442,0.44939,2.75997069,buy
1497719858,38136286,0.44939,2.24,buy
1497719711,38135428,0.44947,181.5309028,buy
1497719710,38135427,0.44947,10.735402,buy
1497719702,38135397,0.44947,362.606641,buy
1497719690,38135355,0.44456,27.97,sell
1497719636,38135143,0.44448,0.18809728,sell
1497719561,38134996,0.44439,1931.66948,sell
1497719561,38134995,0.44439,268.3305205,sell
1497719389,38134577,0.444,10,sell
1497719374,38134515,0.44776,7.37196588,sell
1497719374,38134509,0.44776,79.04043191,sell
1497719354,38134367,0.4495,2170.959568,buy
1497719354,38134366,0.44949,79.04043191,buy
1497719312,38134257,0.44776,9.11,sell
1497719309,38134252,0.44946,9.11,sell
1497719272,38134175,0.44776,2,sell
1497719267,38134167,0.44946,2,sell
1497719175,38133976,0.44776,78.99500637,sell
1497719174,38133968,0.44776,46.13325509,sell
1497719172,38133966,0.44776,78.99500637,sell
1497719169,38133960,0.449,46.04240401,sell
1497719169,38133959,0.449,79.04043191,sell
1497719168,38133958,0.449,79.04043191,sell
1497719168,38133957,0.449,79.04043191,sell
1497719168,38133956,0.449,79.04043191,sell
1497719168,38133955,0.449,79.04043191,sell
1497719168,38133954,0.449,79.04043191,sell
1497719168,38133953,0.449,79.04043191,sell
1497719168,38133952,0.449,79.04043191,sell
1497719168,38133951,0.449,79.04043191,sell
1497719155,38133915,0.44814,150,buy
1497719086,38133656,0.448,50,sell
1497719004,38133381,0.448,222.5937088,buy
1497718888,38133230,0.44776,37.43291562,sell
1497718880,38133194,0.44776,5.82424164,sell
1497718842,38132978,0.44776,70.91290213,sell
1497718840,38132956,0.44776,84.18427499,sell
1497718593,38131997,0.44776,120.9822874,buy
1497718593,38131996,0.44775,79.01771261,buy
1497718479,38131668,0.444,1263.037401,sell
1497718479,38131667,0.445,22,sell
1497718479,38131666,0.445,2323.462599,sell
1497718479,38131665,0.445,60.09974593,sell
1497718479,38131664,0.44501,6.90025407,sell
1497718465,38131573,0.44846,6.9,buy
1497718264,38131170,0.44845,2100,buy
1497718258,38131149,0.44852,3.76,buy
1497718237,38131102,0.445,79.07408045,sell
1497718236,38131101,0.445,79.07408045,sell
1497718236,38131096,0.445,79.07408045,sell
1497718236,38131095,0.445,79.07408045,sell
1497718236,38131094,0.445,79.07408045,sell
1497718236,38131093,0.445,79.07408045,sell
1497718236,38131091,0.445,79.07408045,sell
1497718236,38131090,0.445,79.07408045,sell
1497718236,38131089,0.445,79.07408045,sell
1497718236,38131088,0.445,79.07408045,sell
1497718236,38131087,0.445,79.07408045,sell
1497718236,38131086,0.445,79.07408045,sell
1497718236,38131085,0.445,79.07408045,sell
1497718235,38131084,0.445,79.07408045,sell
1497718235,38131083,0.445,79.07408045,sell
1497718235,38131082,0.445,79.07408045,sell
1497718235,38131081,0.445,79.07408045,sell
1497718235,38131080,0.445,79.07408045,sell
1497718235,38131079,0.445,79.07408045,sell
1497718235,38131078,0.445,79.07408045,sell
1497718235,38131077,0.445,79.07408045,sell
1497718235,38131076,0.445,79.07408045,sell
1497718235,38131075,0.445,79.07408045,sell
1497718235,38131074,0.445,79.07408045,sell
1497718235,38131073,0.445,79.07408045,sell
1497718235,38131072,0.445,79.07408045,sell
1497718235,38131071,0.445,79.07408045,sell
1497718235,38131070,0.445,79.07408045,sell
1497718235,38131069,0.445,79.07408045,sell
1497718235,38131068,0.445,79.07408045,sell
1497718235,38131067,0.445,79.07408045,sell
1497718235,38131066,0.445,79.07408045,sell
1497718235,38131065,0.445,79.07408045,sell
1497718087,38130740,0.445,6.993,sell
1497718076,38130721,0.446,227.551167,buy
1497718074,38130713,0.446,91.86289064,buy
1497718074,38130712,0.44599,279.7688574,buy
1497717860,38130286,0.44599,10.1,buy
1497717801,38130188,0.44599,5,buy
1497717793,38130180,0.44599,1050,buy
1497717738,38130047,0.44599,112,buy
1497717700,38129989,0.44599,121.4554317,buy
1497717660,38129941,0.446,80.2806278,buy
1497717616,38129862,0.446,86.69861025,buy
1497717615,38129859,0.446,87.6222072,buy
1497717613,38129854,0.446,87.290225,buy
1497717612,38129849,0.446,5,sell
1497717612,38129848,0.446,6.9755175,sell
1497717518,38129586,0.446,6.993,buy
1497717164,38128427,0.4495,10,buy
1497716738,38127148,0.4495,585.0049936,buy
1497716738,38127147,0.44948,78.99500637,buy
1497716673,38126872,0.447,8.15,buy
1497716673,38126871,0.447,29.999986,buy
1497716626,38126782,0.447,0.000014,buy
1497716601,38126693,0.446,185.9726521,buy
1497716600,38126684,0.446,9.81,sell
1497716600,38126683,0.44602,258.0870746,sell
1497716600,38126682,0.44602,1225.081863,sell
1497716599,38126667,0.44602,27.90013665,sell
1497716380,38126277,0.446,10,sell
1497716224,38125816,0.446,5.35,sell
1497716085,38125493,0.446,100,buy
1497715972,38125164,0.443,12,buy
1497715947,38125132,0.442,31,sell
1497715947,38125131,0.44202,69,sell
1497715941,38125117,0.44202,100,sell
1497715926,38125083,0.44202,100,sell
1497715905,38124986,0.44202,100,sell
1497715832,38124795,0.44205,29.49948553,sell
1497715832,38124794,0.44298,9.66438822,sell
1497715828,38124783,0.44298,20.33561178,buy
1497715767,38124664,0.44298,18.82826197,buy
1497715643,38124185,0.44998,62.54535568,buy
1497715643,38124184,0.44782,684.1119679,buy
1497715643,38124183,0.44764,80.516,buy
1497715643,38124182,0.44763,316.1027868,buy
1497715613,38123992,0.44133,143.7503305,sell
1497715613,38123991,0.442,222.8165253,sell
1497715613,38123990,0.44204,222.81653,sell
1497715613,38123989,0.44298,80.516,sell
1497715613,38123988,0.446,31,sell
1497715591,38123901,0.446,19,buy
1497715548,38123675,0.446,81,sell
1497715537,38123557,0.44782,0.00000279,buy
1497715483,38123293,0.44794,69.07486364,buy
1497715482,38123291,0.44794,57.81316572,buy
1497715482,38123290,0.446,21.08020512,buy
1497715482,38123289,0.446,78.91979488,buy
1497715455,38123159,0.448,237,sell
1497715434,38122892,0.4481,12.50174414,buy
1497715434,38122890,0.4481,78.92092485,buy
1497715434,38122889,0.4481,63.23722545,buy
1497715433,38122881,0.4481,78.92092485,buy
1497715432,38122875,0.4481,78.91979488,buy
1497715393,38122764,0.44809,34.36903888,sell
1497715393,38122763,0.44809,78.89337084,sell
1497715393,38122762,0.44809,28.92470828,sell
1497715393,38122756,0.44809,49.9950866,sell
1497715391,38122746,0.44807,78.91951141,buy
1497715391,38122745,0.44807,78.89337084,buy
1497715385,38122694,0.44801,0.94775496,sell
1497715385,38122693,0.44801,78.02112252,sell
1497715385,38122692,0.44808,78.02112252,sell
1497715381,38122672,0.44807,66.7209271,sell
1497715381,38122671,0.44808,0.42345222,sell
1497715369,38122633,0.44805,75.22564886,sell
1497715369,38122632,0.44805,4.62861695,sell
1497715369,38122631,0.44805,74.26475389,sell
1497715369,38122630,0.44805,5.56171396,sell
1497715368,38122625,0.44805,72.45940856,sell
1497715368,38122624,0.44805,7.39485725,sell
1497715368,38122616,0.44805,71.49851359,sell
1497715368,38122615,0.44806,8.35575222,sell
1497715368,38122610,0.44806,79.82646785,sell
1497715368,38122609,0.44806,79.85426581,sell
1497715368,38122608,0.44806,79.85426581,sell
1497715368,38122604,0.44806,79.85426581,sell
1497715368,38122602,0.44806,79.85426581,sell
1497715367,38122593,0.44806,79.85426581,sell
1497715367,38122592,0.44806,79.85426581,sell
1497715366,38122588,0.44806,5.69882698,sell
1497715366,38122586,0.44806,79.82646785,sell
1497715366,38122584,0.44806,52.92058013,sell
1497715358,38122525,0.44804,50,sell
1497715343,38122399,0.44802,44.30289185,sell
1497715337,38122344,0.45,77.44035932,buy
1497715337,38122343,0.44801,0.87224832,sell
1497715337,38122342,0.45,78.90217358,buy
1497715330,38122323,0.44994,0.87224832,buy
1497715330,38122322,0.44995,78.90217358,sell
1497715328,38122320,0.44995,78.89336616,buy
1497715327,38122318,0.44995,34.59047747,buy
1497715327,38122317,0.44995,44.302892,buy
1497715321,38122244,0.44995,30.53974382,buy
1497715320,38122242,0.44995,78.90217145,buy
1497715320,38122226,0.44995,49.75322757,buy
1497715319,38122209,0.45,48.38004775,buy
1497715316,38122201,0.44999,13.30596495,sell
1497715316,38122199,0.44995,2.5282119,buy
1497715316,38122198,0.44972,13.305965,buy
1497715316,38122197,0.44971,13.305965,buy
1497715288,38122146,0.44986,0.00000213,buy
1497715286,38122135,0.44986,0.00000331,buy
1497715285,38122134,0.4499,0.00000331,buy
1497715283,38122130,0.4499,0.00000331,buy
1497715282,38122129,0.4499,0.00000331,buy
1497715268,38122104,0.44995,0.5790566,buy
1497715268,38122102,0.44995,78.91803273,buy
1497715264,38122085,0.44989,0.86145599,buy
1497715260,38122072,0.44993,0.00000137,buy
1497715260,38122071,0.44993,0.00000137,buy
1497715260,38122070,0.44993,0.00000137,buy
1497715259,38122069,0.44993,0.00000137,buy
1497715256,38122053,0.45,78.05657537,buy
1497715256,38122052,0.45,78.90217689,buy
1497715256,38122051,0.45,78.90217689,buy
1497715256,38122050,0.45,78.90217689,buy
1497715256,38122049,0.45,19.89053082,buy
1497715256,38122048,0.44995,59.0098847,buy
1497715256,38122047,0.44995,78.3733953,buy
1497715256,38122046,0.44994,0.51997554,buy
1497715256,38122045,0.44994,3.19564384,buy
1497715256,38122044,0.44994,75.697727,buy
1497715254,38122023,0.44998,71.98210761,buy
1497715254,38122022,0.44995,0.31512245,buy
1497715254,38122021,0.44994,6.59443418,buy
1497715253,38122017,0.44994,69.10329282,buy
1497715211,38121836,0.44794,7.96985783,sell
1497715203,38121799,0.44996,0.00000631,buy
1497715188,38121698,0.44796,0.03368792,sell
1497715188,38121697,0.44796,78.8667276,sell
1497715188,38121696,0.44796,78.90041552,sell
1497715188,38121695,0.44796,78.90041552,sell
1497715188,38121694,0.44796,78.90041552,sell
1497715188,38121693,0.44796,78.90041552,sell
1497715188,38121692,0.44796,78.89689234,sell
1497715187,38121682,0.44794,0.00352318,buy
1497715187,38121681,0.44794,78.90217689,buy
1497715187,38121680,0.44794,78.90041552,buy
1497715187,38121679,0.44794,78.90041552,buy
1497715187,38121678,0.44794,78.90217689,buy
1497715187,38121675,0.44795,0.49381975,sell
1497715187,38121674,0.44795,78.40835714,sell
1497715187,38121673,0.44795,78.90217689,sell
1497715187,38121672,0.44795,78.90217689,sell
1497715187,38121671,0.44795,78.90217689,sell
1497715187,38121670,0.44795,78.90217689,sell
1497715182,38121639,0.44779,9.79007802,buy
1497715182,38121637,0.4478,78.89337084,buy
1497715182,38121636,0.4478,78.89337084,buy
1497715182,38121635,0.4478,78.89337084,buy
1497715182,38121633,0.4478,78.89337084,buy
1497715182,38121629,0.4478,78.89337084,buy
1497715182,38121628,0.4478,78.89337084,buy
1497715182,38121627,0.4478,78.89337084,buy
1497715182,38121626,0.4478,78.89337084,buy
1497715182,38121624,0.4478,78.89337084,buy
1497715182,38121621,0.4478,78.89337084,buy
1497715181,38121619,0.4478,78.89337084,buy
1497715181,38121614,0.4478,78.89483433,buy
1497715181,38121613,0.4478,78.89337084,buy
1497715181,38121610,0.4478,78.89337084,buy
1497715181,38121609,0.4478,78.89337084,buy
1497715181,38121607,0.4478,78.89337084,buy
1497715178,38121589,0.44785,0.0000058,buy
1497715178,38121587,0.44029,14.45651338,sell
1497715173,38121536,0.4402,3.12132537,sell
1497715170,38121518,0.4402,13.30673707,sell
1497715158,38121421,0.44009,817.5742979,sell
1497715158,38121420,0.44009,300,sell
1497715158,38121419,0.4401,48.25330758,sell
1497715158,38121418,0.44013,13.30673707,buy
1497715140,38121375,0.445,35.47151561,sell
1497715140,38121373,0.445,5.69312815,sell
1497715140,38121372,0.445,79.77441154,sell
1497715122,38121187,0.4486,0.24426521,sell
1497715121,38121185,0.4486,13.85031173,sell
1497715121,38121184,0.44861,75.697777,sell
1497715114,38121153,0.44957,78.47550058,sell
1497715096,38121087,0.44999,1.79327257,buy
1497715096,38121086,0.44962,13.30673707,buy
1497715069,38121009,0.44962,0.7225517,sell
1497714973,38120599,0.44962,13.20862853,sell
1497714923,38120307,0.45,92.54796147,buy
1497714887,38120115,0.45,0.00002275,buy
1497714858,38119963,0.45,78.90872713,buy
1497714858,38119959,0.45,156.9994277,buy
1497714853,38119921,0.45,78.64658573,buy
1497714853,38119918,0.45,0.00000255,buy
1497714852,38119911,0.45,157.31154,buy
1497714843,38119820,0.45,149.4873799,buy
1497714843,38119818,0.45,322.8559261,buy
1497714842,38119810,0.45,322.8559261,buy
1497714842,38119806,0.45,322.8559261,buy
1497714842,38119800,0.45,322.8559261,buy
1497714842,38119799,0.45,322.8559261,buy
1497714840,38119792,0.45,1.68613181,buy
1497714838,38119772,0.45,8.3238782,buy
1497714838,38119763,0.45,8.3238782,buy
1497714838,38119762,0.45,322.8559261,buy
1497714838,38119759,0.45,322.8559261,buy
1497714831,38119707,0.45,2500,buy
1497714826,38119682,0.45,9,buy
1497714822,38119659,0.45,247.6907171,buy
1497714813,38119639,0.45,67.78250831,buy
1497714813,38119636,0.45,2895.724641,buy
1497714812,38119624,0.45,69190.7708,buy
1497714789,38119534,0.45,148.4149794,buy
1497714787,38119526,0.45,4151.191397,buy
1497714787,38119522,0.45,148.4149794,buy
1497714787,38119521,0.45,67.78250831,buy
1497714786,38119518,0.45,70.79117424,buy
1497714786,38119515,0.45,2179.052178,buy
1497714786,38119511,0.45,7383.997916,buy
1497714786,38119510,0.44999,93.47761427,buy
1497714786,38119503,0.44961,51.76305683,sell
1497714771,38119387,0.45,145.208689,buy
1497714758,38119336,0.45,2662.48228,buy
1497714758,38119335,0.44999,37.51771954,buy
1497714750,38119306,0.45,15.45464257,buy
1497714750,38119305,0.44999,8.87127421,buy
1497714750,38119304,0.44999,42.17372352,buy
1497714750,38119303,0.44999,11.99868117,buy
1497714743,38119276,0.45,352.1840103,buy
1497714743,38119275,0.45,78.55189704,buy
1497714743,38119274,0.45,78.55189704,buy
1497714742,38119269,0.45,78.55189704,buy
1497714742,38119268,0.45,78.55189704,buy
1497714741,38119267,0.45,505.3199518,buy
1497714686,38119157,0.44957,2421.524499,sell
1497714686,38119156,0.44958,78.47550058,sell
1497714598,38118915,0.45,58.09588039,buy
1497714598,38118914,0.44966,20.41078931,buy
1497714598,38118913,0.45,20.41078931,buy
1497714595,38118904,0.44947,11.53951509,sell
1497714595,38118903,0.44947,11.53951509,sell
1497714594,38118902,0.44945,11.53951509,buy
1497714594,38118900,0.44946,37.51771954,buy
1497714586,38118875,0.44954,34.38467908,buy
1497714586,38118874,0.44954,37.51771954,buy
1497714539,38118598,0.44983,12.7288262,buy
1497714539,38118597,0.44983,53.71323861,buy
1497714539,38118596,0.44983,11.99868117,buy
1497714520,38118523,0.4486,5.6559298,sell
1497714518,38118515,0.44861,76.66876883,sell
1497714516,38118512,0.44997,1.69897539,buy
1497714516,38118511,0.44861,76.66876883,buy
1497714515,38118510,0.44998,24.65276403,sell
1497714515,38118509,0.44997,53.71323861,buy
1497714514,38118505,0.45,71.01283903,buy
1497714514,38118504,0.44999,7.35490519,buy
1497714514,38118503,0.45,69.61609744,buy
1497714514,38118501,0.45,66.33612117,buy
1497714514,38118500,0.45,78.36774422,buy
1497714512,38118494,0.45,60.26256209,buy
1497714500,38118398,0.4486,4.23892572,sell
1497714499,38118390,0.44999,1.92292785,buy
1497714499,38118389,0.44999,4.23892572,buy
1497714499,38118388,0.44999,4.23892572,buy
1497714498,38118384,0.45,10.01001001,buy
1497714447,38118247,0.45116,220,buy
1497714438,38118229,0.45116,0.7759157,buy
1497714428,38118196,0.45116,7.51041759,buy
1497714412,38118156,0.4505,87.584464,buy
1497714390,38118073,0.4505,780.8263434,buy
1497714389,38118072,0.4505,211.1864371,buy
1497714389,38118071,0.45,2920.187563,buy
1497714326,38117688,0.45,200,buy
1497714292,38117480,0.4486,0.26686964,sell
1497714291,38117469,0.44999,41.4476878,sell
1497714291,38117467,0.44999,11.99868117,sell
1497714289,38117448,0.44999,40.0312453,sell
1497714274,38117343,0.45,431.89453,buy
1497714274,38117341,0.44999,2.31068127,sell
1497714272,38117326,0.44999,0.30373597,sell
1497714239,38117068,0.45,5800,buy
1497714193,38116692,0.4486,4.78288405,sell
1497714193,38116690,0.4486,12.83447281,sell
1497714182,38116643,0.45,15,buy
1497714164,38116535,0.4486,0.02545749,sell
1497714157,38116503,0.45,104.7450297,buy
1497714148,38116314,0.45,26.0902297,buy
1497714117,38115823,0.45,12.83249469,buy
1497714096,38115585,0.45,1,buy
1497714095,38115582,0.44861,6.90615893,sell
1497714094,38115571,0.44861,6.90615893,sell
1497714093,38115548,0.44999,34.04106833,sell
1497714093,38115542,0.45,78.34477293,buy
1497714093,38115540,0.44999,18.83893167,sell
1497714092,38115524,0.45,38.26921155,buy
1497714092,38115522,0.45,55.99247724,buy
1497714092,38115521,0.45,22.35699613,buy
1497714090,38115497,0.45,3.05,buy
1497714074,38115423,0.45,193.667421,buy
1497714074,38115422,0.45,602.0976149,buy
1497714027,38115142,0.45,78.08104455,buy
1497714027,38115137,0.45,19.8213406,buy
1497714027,38115136,0.45,50,buy
1497714023,38115087,0.44871,4.34550838,sell
1497714023,38115086,0.44871,5,buy
1497713968,38114752,0.4499,1300,buy
1497713967,38114748,0.44871,5,sell
1497713967,38114747,0.4499,6.35351138,buy
1497713910,38114535,0.4488,24,buy
1497713906,38114485,0.44878,21.93876645,sell
1497713902,38114477,0.44868,88.6067889,sell
1497713902,38114476,0.44868,31.5807191,sell
1497713900,38114472,0.44869,21.93876645,sell
1497713899,38114469,0.4488,22.00131163,buy
1497713899,38114468,0.4488,16.74236379,buy
1497713837,38114131,0.4486,5.21331,buy
1497713837,38114130,0.44856,46.78040055,buy
1497713837,38114129,0.44817,73.33150209,buy
1497713758,38113950,0.44879,9.2,buy
1497713742,38113927,0.44891,1.1,buy
1497713726,38113802,0.44896,8,buy
1497713624,38113374,0.447,78.13458141,buy
1497713624,38113372,0.447,53.22442062,buy
1497713593,38113238,0.447,60,buy
1497713589,38113220,0.447,100,buy
1497713553,38113078,0.447,13.61982688,buy
1497713518,38112962,0.447,0.15,buy
1497713516,38112957,0.44696,78.13458141,sell
1497713516,38112956,0.44696,30.26144039,sell
1497713516,38112955,0.44696,53.22442062,sell
1497713512,38112950,0.44696,13.61982688,sell
1497713503,38112899,0.447,10.51486233,buy
1497713503,38112898,0.447,3.10496455,buy
1497713503,38112897,0.447,73.33150209,buy
1497713500,38112891,0.447,3.56353336,buy
1497713500,38112890,0.44696,5.2392443,buy
1497713497,38112877,0.446,21.64669349,buy
1497713497,38112876,0.446,78.35330651,buy
1497713494,38112869,0.44585,5.24653082,buy
1497713491,38112862,0.44599,0.1598734,buy
1497713490,38112849,0.4459,5.69539281,buy
1497713490,38112848,0.4459,78.30460719,buy
1497713480,38112832,0.44586,1.2,buy
1497713438,38112744,0.44553,0.0329181,sell
1497713438,38112743,0.44553,169.9681069,sell
1497713431,38112697,0.4456,0.8958541,buy
1497713389,38112529,0.44594,12,buy
1497713347,38112294,0.44,79.2311267,buy
1497713347,38112292,0.44,79.24082397,buy
1497713347,38112291,0.44,66.74407208,buy
1497713339,38112106,0.44,79.24082397,buy
1497713339,38112105,0.44,79.24082397,buy
1497713339,38112104,0.44,79.24082397,buy
1497713336,38112093,0.44,32.12397225,buy
1497713331,38112085,0.44,12.82422825,buy
1497713331,38112084,0.44,79.29378704,buy
1497713331,38112083,0.44,79.29378704,buy
1497713328,38112066,0.44,79.09385786,buy
1497713326,38112063,0.44,27.01224825,buy
1497713316,38112041,0.44,1453.779496,buy
1497713313,38112033,0.44,32.201662,buy
1497713300,38111999,0.44,12.95561909,buy
1497713300,38111998,0.44,79.28753925,buy
1497713290,38111944,0.44,13.22725897,buy
1497713290,38111943,0.44,79.28753925,buy
1497713290,38111942,0.44,79.28753925,buy
1497713290,38111941,0.44,79.28753925,buy
1497713290,38111940,0.44,79.28753925,buy
1497713290,38111939,0.44,79.28753925,buy
1497713290,38111938,0.44,79.28753925,buy
1497713290,38111937,0.44,79.28753925,buy
1497713290,38111936,0.44,79.28753925,buy
1497713290,38111935,0.44,79.28753925,buy
1497713290,38111934,0.44,79.28753925,buy
1497713290,38111933,0.44,79.28753925,buy
1497713290,38111932,0.44,4495.39125,buy
1497713290,38111931,0.44,79.28753925,buy
1497713290,38111930,0.44,79.28753925,buy
1497713290,38111929,0.44,79.28753925,buy
1497713290,38111928,0.44,79.28753925,buy
1497713289,38111927,0.44,79.28753925,buy
1497713289,38111926,0.44,79.28753925,buy
1497713289,38111925,0.44,79.28753925,buy
1497713287,38111911,0.44,3491.509266,buy
1497713287,38111910,0.44,5769.090909,buy
1497713284,38111906,0.44,38.35398669,buy
1497713236,38111718,0.44,735.58566,buy
1497713234,38111691,0.44,6001.885856,buy
1497713234,38111690,0.4399,678.2354839,buy
1497713183,38111319,0.4389,25.07716174,buy
1497713183,38111312,0.4389,134.8128383,buy
1497713183,38111311,0.4389,595.5202727,buy
1497713182,38111299,0.4389,79.48938662,buy
1497713182,38111298,0.4389,79.48938662,buy
1497713182,38111296,0.4389,79.48938662,buy
1497713181,38111294,0.4389,79.48938662,buy
1497713181,38111293,0.4389,79.48938662,buy
1497713178,38111272,0.4389,7.03279422,buy
1497713173,38111237,0.43702,7.01873567,sell
1497713126,38110864,0.4399,10,buy
1497713090,38110721,0.4399,335.3245992,buy
1497713088,38110680,0.4399,335.3245992,buy
1497713088,38110677,0.4399,416.4271526,buy
1497713080,38110640,0.4399,13.36105042,buy
1497713080,38110637,0.4399,27.66821554,buy
1497713079,38110617,0.4399,1.001001,buy
1497713073,38110604,0.4399,651.306518,buy
1497713073,38110602,0.4399,66.87422346,buy
1497713073,38110601,0.4399,100,buy
1497713073,38110600,0.4399,79.34305849,buy
1497713073,38110598,0.4399,79.34305849,buy
1497713073,38110597,0.4399,79.34305849,buy
1497713059,38110509,0.4399,106.596291,buy
1497713058,38110505,0.4399,106.596291,buy
1497713058,38110499,0.4399,249.4563322,buy
1497713057,38110492,0.4399,63.79906728,buy
1497713057,38110491,0.43987,173.8956,buy
1497712941,38110003,0.43606,50,sell
1497712923,38109977,0.43601,174,sell
1497712923,38109976,0.439,11,sell
1497712900,38109933,0.44,557,buy
1497712848,38109686,0.436,476.253026,sell
1497712848,38109685,0.43613,12.06954181,sell
1497712848,38109684,0.438,10,sell
1497712848,38109683,0.439,1,sell
1497712743,38109205,0.44,0.51918662,buy
1497712734,38109155,0.44,1200,buy
1497712722,38109119,0.44,120.0755296,buy
1497712633,38108522,0.44,22,buy
1497712628,38108518,0.44,0.37,buy
1497712623,38108509,0.44,0.37,buy
1497712623,38108508,0.44,1550,buy
1497712621,38108506,0.44,185,buy
1497712615,38108484,0.44,0.67,buy
1497712607,38108471,0.44,1.18,buy
1497712601,38108440,0.44,2.11,buy
1497712600,38108439,0.44,777.4273497,buy
1497712600,38108438,0.43999,390.7323319,buy
1497712599,38108435,0.43999,225.382857,buy
1497712595,38108429,0.43999,3.77,buy
1497712593,38108426,0.43999,572.904707,buy
1497712587,38108412,0.43999,6.73,buy
1497712587,38108411,0.43999,400,buy
1497712566,38108371,0.44,12.03,buy
1497712559,38108361,0.44,21.47,buy
1497712549,38108345,0.44,38.34,buy
1497712536,38108322,0.44,68.92,buy
1497712526,38108304,0.44,17.8782835,buy
1497712523,38108299,0.44,122.62,buy
1497712521,38108289,0.44,79.21881359,buy
1497712520,38108287,0.44,3.003003,buy
1497712519,38108282,0.44,3.003003,buy
1497712513,38108261,0.44,32.98167069,buy
1497712513,38108258,0.44,32.98167069,buy
1497712513,38108254,0.44,79.11285095,buy
1497712472,38108132,0.44,10.01001001,buy
1497712464,38108101,0.44,79.05637113,buy
1497712463,38108098,0.44,79.05637113,buy
1497712463,38108096,0.44,79.05637113,buy
1497712446,38108078,0.44,218.96,buy
1497712434,38108068,0.44,221.4272853,buy
1497712434,38108063,0.44,79.01888443,buy
1497712433,38108062,0.44,126.1021454,buy
1497712433,38108061,0.44,79.01888443,buy
1497712433,38108060,0.44,74.11374744,buy
1497712433,38108056,0.44,79.01888443,buy
1497712433,38108052,0.44,79.01888443,buy
1497712433,38108045,0.44,221.4272853,buy
1497712432,38108043,0.44,59.77313252,buy
1497712432,38108041,0.44,79.06045815,buy
1497712432,38108037,0.44,390.1892852,buy
1497712432,38108035,0.44,144.4442182,buy
1497712432,38108032,0.44,60.2659104,buy
1497712431,38108025,0.44,411.5484459,buy
1497712431,38108022,0.44,79.06045815,buy
1497712430,38108021,0.44,79.01888443,buy
1497712429,38108016,0.44,144.4442182,buy
1497712429,38108015,0.44,104.7305795,buy
1497712429,38108005,0.44,79.01888443,buy
1497712429,38108004,0.44,79.01888443,buy
1497712429,38108002,0.44,10.1789967,buy
1497712429,38107999,0.44,79.06045815,buy
1497712429,38107998,0.44,162.5600697,buy
1497712428,38107987,0.44,13.16868472,buy
1497712428,38107985,0.44,196.2685353,buy
1497712427,38107978,0.44,79.06045815,buy
1497712427,38107968,0.44,438.3894097,buy
1497712427,38107966,0.44,57.19540283,buy
1497712427,38107965,0.44,78.9813977,buy
1497712426,38107955,0.44,359.6472285,buy
1497712426,38107954,0.44,438.3894097,buy
1497712426,38107952,0.44,78.9813977,buy
1497712426,38107946,0.44,78.9813977,buy
1497712426,38107945,0.44,78.9813977,buy
1497712425,38107939,0.44,360.5833563,buy
1497712425,38107935,0.44,294.1395959,buy
1497712425,38107933,0.44,62.79022043,buy
1497712425,38107932,0.44,305.6888275,buy
1497712424,38107925,0.44,339.7681833,buy
1497712424,38107921,0.44,0.4004004,buy
1497712423,38107916,0.44,309.1037984,buy
1497712423,38107913,0.44,79.01888443,buy
1497712423,38107909,0.44,66.8949394,buy
1497712423,38107906,0.44,68.09069754,buy
1497712423,38107905,0.44,5.70534897,buy
1497712422,38107900,0.44,91.00045761,buy
1497712421,38107895,0.44,5.70038725,buy
1497712421,38107892,0.44,321.8530537,buy
1497712420,38107885,0.44,158.6847307,buy
1497712420,38107882,0.44,79.08873475,buy
1497712420,38107877,0.44,131.8805803,buy
1497712420,38107875,0.44,128.3728007,buy
1497712420,38107872,0.44,5.69542934,buy
1497712420,38107870,0.44,593.0497552,buy
1497712420,38107867,0.44,65.18036518,buy
1497712419,38107860,0.44,22.68850084,buy
1497712419,38107857,0.44,46.47728277,buy
1497712419,38107855,0.44,203.6272241,buy
1497712419,38107850,0.44,32.69965036,buy
1497712419,38107847,0.44,128.2813301,buy
1497712418,38107839,0.44,111.4407033,buy
1497712418,38107831,0.44,203.4235969,buy
1497712417,38107824,0.44,46.47728277,buy
1497712417,38107822,0.44,14.47981745,buy
1497712417,38107814,0.44,23.22313459,buy
1497712417,38107807,0.44,79.02200829,buy
1497712417,38107802,0.44,32.69965036,buy
1497712417,38107801,0.44,111.4407033,buy
1497712416,38107795,0.44,13.17902747,buy
1497712416,38107793,0.44,463.0413018,buy
1497712416,38107790,0.44,250.7356954,buy
1497712415,38107782,0.44,46.47728277,buy
1497712415,38107775,0.44,22.68850154,buy
1497712415,38107766,0.44,79.0979824,buy
1497712414,38107753,0.44,463.0413018,buy
1497712414,38107752,0.44,79.09270002,buy
1497712414,38107749,0.44,78.99389325,buy
1497712413,38107744,0.44,10.01001001,buy
1497712412,38107729,0.44,410.0597731,buy
1497712412,38107711,0.44,79.09270002,buy
1497712412,38107709,0.44,463.0413018,buy
1497712411,38107707,0.44,60.33630234,buy
1497712411,38107700,0.44,410.0597731,buy
1497712410,38107697,0.44,462.5782605,buy
1497712410,38107694,0.44,60.33630234,buy
1497712406,38107676,0.44,464.6798453,buy
1497712405,38107664,0.44,441.2380093,buy
1497712405,38107662,0.44,65.47081525,buy
1497712405,38107658,0.44,464.6798453,buy
1497712403,38107651,0.44,8624.824438,buy
1497712402,38107643,0.44,78.55035857,buy
1497712402,38107641,0.44,0.38425043,buy
1497712402,38107623,0.44,609.3366566,buy
1497712402,38107622,0.44,78.63908578,buy
1497712402,38107621,0.44,408.1745226,buy
1497712402,38107620,0.44,78.63908578,buy
1497712401,38107613,0.44,391.32,sell
1497712401,38107612,0.44,0.75,sell
1497712401,38107611,0.44,20,sell
1497712401,38107610,0.44,11283.81042,sell
1497712401,38107609,0.4402,600.4968086,sell
1497712401,38107608,0.4402,2420,sell
1497712401,38107607,0.4403,64.3,sell
1497712401,38107606,0.44031,1400.275765,sell
1497712401,38107605,0.4405,2500,sell
1497712401,38107604,0.4405,25000,sell
1497712401,38107603,0.44059,500,sell
1497712401,38107602,0.44062,800,sell
1497712401,38107601,0.441,60,sell
1497712401,38107600,0.44104,60,sell
1497712401,38107599,0.442,454.8079538,sell
1497712401,38107598,0.44204,454.80795,sell
1497712401,38107597,0.44214,78.640431,sell
1497712401,38107596,0.44215,78.63153823,sell
1497712379,38107524,0.442,245.1920462,sell
1497712379,38107523,0.442,3,sell
1497712379,38107522,0.443,118.4,sell
1497712379,38107521,0.44304,118.4,sell
1497712379,38107520,0.44305,78.47180821,sell
1497712379,38107519,0.44309,78.474911,sell
1497712379,38107518,0.4469,1218.009217,sell
1497712351,38107448,0.4479,2558.361474,buy
1497712351,38107447,0.44789,77.87609694,buy
1497712351,38107446,0.447,5500,buy
1497712292,38107255,0.4469,1993,buy
1497712112,38106899,0.4469,1,buy
1497712112,38106898,0.4469,1,buy
1497712111,38106894,0.4469,1,buy
1497712110,38106884,0.4469,1,buy
1497712109,38106878,0.4469,1,buy
1497712108,38106869,0.4469,1,buy
1497712106,38106849,0.4469,1,buy
1497711792,38106205,0.4469,3000,buy
1497711767,38106170,0.447,246.7934418,sell
1497711639,38106049,0.447,695.7787114,sell
1497711626,38106038,0.447,5000,sell
1497711620,38106029,0.447,5000,sell
1497711319,38105663,0.447,300,sell
1497711193,38105570,0.447,60,sell
1497711148,38105521,0.447,3665.035699,buy
1497711148,38105520,0.446,1129.18559,buy
1497711108,38105440,0.44091,2947.841722,buy
1497711108,38105438,0.441,7574.798,sell
1497711108,38105437,0.441,70,sell
1497711108,38105436,0.44104,70,sell
1497711106,38105429,0.446,198.9,sell
1497710978,38105285,0.44091,30,sell
1497710937,38105237,0.447,2605.957611,buy
1497710937,38105236,0.44696,672.64574,buy
1497710937,38105235,0.44692,672.64574,buy
1497710937,38105234,0.446,48.75090897,buy
1497710922,38105213,0.446,1.19909103,buy
1497710716,38104987,0.442,336.263,buy
1497710499,38104763,0.442,131.666487,buy
1497710498,38104762,0.442,336.263,buy
1497710478,38104743,0.44065,2964.660721,sell
1497710378,38104632,0.44065,300,sell
1497710335,38104592,0.442,15,buy
1497710303,38104555,0.44065,45,sell
1497710293,38104550,0.44065,39.507696,sell
1497710285,38104542,0.44065,88.18451711,sell
1497710283,38104536,0.4444,20,sell
1497710135,38104466,0.4407,71.64,sell
1497710043,38104338,0.4461,86,buy
1497709901,38104243,0.44613,200,buy
1497709869,38104227,0.44614,5585.827879,buy
1497709806,38104164,0.44066,21.64,sell
1497709765,38104142,0.44066,50,sell
1497709100,38103618,0.44641,50,buy
1497708966,38103485,0.44674,0.37937012,sell
1497708966,38103484,0.44674,299.6206299,sell
1497708744,38103273,0.447,2881.237259,buy
1497708744,38103272,0.4444,545.19593,buy
1497708744,38103271,0.44377,849.753,buy
1497708744,38103270,0.44376,872.863,buy
1497708739,38103267,0.44031,7.8265674,sell
1497708739,38103266,0.44032,0.1734326,sell
1497708649,38103166,0.44031,5641.897668,sell
1497708649,38103165,0.4404,1235,sell
1497708649,38103164,0.4405,309.9279381,sell
1497708649,38103163,0.44069,289.054332,sell
1497708649,38103162,0.4407,108.2180622,sell
1497708575,38103078,0.4444,396.94,buy
1497708551,38103054,0.4444,84,sell
1497708536,38103037,0.44698,25.28535977,buy
1497708248,38102706,0.44795,7.8,buy
1497707981,38102384,0.4439,1.238,buy
1497707823,38102227,0.44427,262.8077295,buy
1497707617,38101932,0.44437,204.8671613,buy
1497707617,38101929,0.44437,4132.144247,buy
1497707617,38101928,0.44436,372.4457531,buy
1497707548,38101819,0.4445,674.2352563,buy
1497707283,38101380,0.44586,575.4249955,buy
1497707283,38101379,0.44586,0.96124268,buy
1497707283,38101378,0.44585,798.0775146,buy
1497707283,38101377,0.44585,7465.92,buy
1497707283,38101376,0.44584,0.96124268,buy
1497707142,38100971,0.44847,2340.726199,buy
1497707142,38100970,0.44845,668.91124,buy
1497707142,38100969,0.44844,0.48062134,buy
1497707142,38100968,0.4484,927.4,buy
1497707137,38100961,0.44865,15,buy
1497707137,38100960,0.44865,983,buy
1497707095,38100794,0.44,482.6276555,sell
1497707095,38100793,0.44011,800,sell
1497707095,38100792,0.44198,1,sell
1497707095,38100791,0.44198,65,sell
1497707095,38100790,0.442,50,sell
1497707095,38100789,0.44201,1.07157058,sell
1497707095,38100788,0.44202,66,sell
1497707095,38100787,0.44204,50,sell
1497707095,38100786,0.443,219.2937108,sell
1497707095,38100785,0.444,33,sell
1497707095,38100784,0.444,0.1997,sell
1497707095,38100783,0.44401,236.8224557,sell
1497707095,38100782,0.4452,120.187508,sell
1497707095,38100781,0.448,1,sell
1497707095,38100780,0.449,0.73639936,sell
1497706958,38100630,0.449,999.2636006,sell
1497706847,38100494,0.45008,410,buy
1497706741,38100413,0.45021,1.150978,buy
1497706605,38100304,0.4504,0.10863951,buy
1497706580,38100291,0.4505,3.8756954,sell
1497706580,38100290,0.4505,1847.770564,sell
1497706580,38100289,0.4505,308.3537404,buy
1497706518,38100255,0.45056,50,buy
1497706435,38100188,0.45055,22,buy
1497706392,38100170,0.45,5.3797094,sell
1497706392,38100169,0.45,4994.620291,sell
1497706380,38100154,0.4499,0.23667941,sell
1497706359,38100135,0.45088,0.37,buy
1497706231,38100037,0.4499,1328.246947,sell
1497706231,38100036,0.4499,0.13450351,sell
1497706231,38100035,0.44997,1000,buy
1497705999,38099869,0.44998,612.24489,buy
1497705937,38099817,0.44998,7,buy
1497705925,38099814,0.44998,20,buy
1497705881,38099775,0.44998,362.0000588,buy
1497705739,38099614,0.44998,0.75,buy
1497705731,38099610,0.44997,1446.760224,buy
1497705694,38099561,0.4499,49.86549649,sell
1497705694,38099560,0.4499,0.13450351,sell
1497705682,38099552,0.4499,0.86549649,sell
1497705682,38099551,0.4499,0.13450351,sell
1497705619,38099460,0.4499,0.22549649,sell
1497705619,38099459,0.4499,1,sell
1497705619,38099458,0.45,2000,sell
1497705601,38099446,0.45096,21.28202002,buy
1497705601,38099445,0.44991,1,buy
1497705364,38099203,0.44993,1181.846562,buy
1497705344,38099151,0.45,0.6552191,sell
1497705344,38099150,0.45,608.3447809,sell
1497705341,38099134,0.45,0.03023233,sell
1497705341,38099132,0.45,435.8071479,sell
1497705301,38099073,0.45071,96.15,buy
1497705301,38099072,0.45,3.85,buy
1497705282,38099063,0.448,19,sell
1497705251,38099013,0.4485,0.1,buy
1497705207,38098946,0.448,119.555892,buy
1497705207,38098945,0.4477,476.2751303,buy
1497705207,38098944,0.4467,19.14827738,buy
1497705177,38098878,0.4467,0.1,sell
1497705091,38098800,0.4477,168.89265,buy
1497705091,38098799,0.44769,130.80735,buy
1497705091,38098798,0.446,0.1,buy
1497705091,38098797,0.446,0.1,buy
1497705076,38098779,0.445,0.1,buy
1497705054,38098735,0.4443,0.1,buy
1497704940,38098643,0.444,0.1,buy
1497704835,38098546,0.44634,72,buy
1497704805,38098507,0.442,150,sell
1497704805,38098506,0.444,100,sell
1497704805,38098505,0.444,119.555892,sell
1497704805,38098502,0.446,0.1,sell
1497704805,38098499,0.447,130.7073951,sell
1497704805,38098498,0.447,0.1,sell
1497704786,38098460,0.4482,0.12376075,sell
1497704785,38098457,0.4482,121.0557575,sell
1497704726,38098434,0.44824,380.6793595,buy
1497704690,38098417,0.447,0.1,sell
1497704663,38098406,0.44825,20,buy
1497704496,38098273,0.44873,3.33178229,buy
1497704496,38098272,0.44873,11.66821771,buy
1497704479,38098256,0.4455,147,sell
1497704411,38098164,0.447,0.56801873,sell
1497704411,38098163,0.447,1111.431981,sell
1497704232,38097912,0.45111,180.7408841,buy
1497704232,38097911,0.45,100,buy
1497704232,38097910,0.45,216.0985739,buy
1497704232,38097909,0.45,50,buy
1497704232,38097908,0.44999,645.1677803,buy
1497704232,38097907,0.447,500,buy
1497704232,38097906,0.446,20,buy
1497704232,38097905,0.446,119.1388388,buy
1497704232,38097904,0.446,28.80190584,buy
1497704182,38097884,0.4455,249.0568937,sell
1497704182,38097883,0.444,1,buy
1497703849,38097659,0.446,21.09809416,buy
1497703791,38097516,0.44684,1,buy
1497703753,38097471,0.44101,10,sell
1497703684,38097351,0.43564,154.4069714,sell
1497703684,38097350,0.4375,90,sell
1497703684,38097349,0.43751,1.47411547,sell
1497703684,38097348,0.43754,90,sell
1497703684,38097347,0.4402,25.25214827,sell
1497703684,38097346,0.44021,238.8667649,sell
1497703668,38097338,0.44021,0.20386872,sell
1497703668,38097337,0.4427,0.1,sell
1497703668,38097336,0.443,50,sell
1497703668,38097335,0.443,99,sell
1497703668,38097334,0.443,0.60280108,sell
1497703668,38097333,0.443,2.14,sell
1497703668,38097332,0.443,3.85,sell
1497703668,38097331,0.443,6.91,sell
1497703668,38097330,0.443,12.4,sell
1497703668,38097329,0.443,22.27,sell
1497703668,38097328,0.443,39.98,sell
1497703668,38097327,0.443,71.78,sell
1497703668,38097326,0.443,90.7633302,sell
1497703638,38097297,0.443,38.0966698,sell
1497703638,38097296,0.443,11.9033302,sell
1497703617,38097274,0.443,219.4566698,sell
1497703617,38097273,0.443,415.36,sell
1497703617,38097272,0.443,745.71,sell
1497703617,38097271,0.443,119.4733302,sell
1497703580,38097215,0.4431,1,sell
1497703580,38097214,0.4431,44.02907033,sell
1497703483,38097084,0.4431,400.0021752,sell
1497703483,38097083,0.44429,2100,sell
1497703478,38097079,0.44429,1150,sell
1497703441,38097021,0.4431,985.9386493,sell
1497703441,38097020,0.44429,14.06135071,sell
1497703382,38096965,0.44429,1.94459002,sell
1497703381,38096950,0.44462,246.8632468,sell
1497703378,38096928,0.44462,1121.5733,sell
1497703377,38096924,0.44597,0.4576245,sell
1497703377,38096922,0.44597,999.5423755,sell
1497703377,38096921,0.44601,147.7698348,sell
1497703065,38096549,0.44641,205.99,buy
1497703065,38096548,0.44639,609.01,buy
1497702952,38096335,0.446,852.2301652,buy
1497702948,38096334,0.446,1000,buy
1497702942,38096331,0.446,1000,buy
1497702760,38096167,0.446,890,buy
1497702651,38096058,0.446,3,buy
1497702637,38096011,0.446,10,buy
1497702619,38095998,0.446,40,buy
1497702489,38095926,0.446,493.2390835,buy
1497702468,38095910,0.446,2150,buy
1497702398,38095849,0.446,30.56631918,buy
1497702261,38095632,0.4463,484.8898,buy
1497702177,38095536,0.44462,676.2847803,sell
1497702177,38095535,0.44463,1.0355629,sell
1497702177,38095534,0.4462,7,sell
1497702177,38095533,0.4462,0.67965679,sell
1497702177,38095532,0.4462,15,sell
1497702162,38095525,0.4463,236.4819183,sell
1497702160,38095523,0.44639,390.99,buy
1497701984,38095213,0.4463,12,buy
1497701984,38095212,0.4463,458.4180817,buy
1497701963,38095188,0.4463,437.36666,buy
1497701860,38095061,0.4463,31.1586135,buy
1497701530,38094765,0.4463,5,buy
1497701427,38094617,0.4463,16.66946668,buy
1497701379,38094510,0.4463,65,buy
1497701294,38094342,0.4463,244,buy
1497701237,38094167,0.4463,1,buy
1497701088,38093989,0.4463,1090,buy
1497701055,38093947,0.4463,45,buy
1497700993,38093934,0.4463,37.16,buy
1497700865,38093793,0.4463,3400,buy
1497700759,38093729,0.4463,164,buy
1497700753,38093722,0.4463,1400,buy
1497700750,38093719,0.4463,1000,buy
1497700660,38093572,0.4463,151.7205665,buy
1497700660,38093571,0.44627,9.33617798,buy
1497700537,38093349,0.44627,662.4420571,buy
1497700473,38093258,0.44627,30,buy
1497700276,38092953,0.44462,10.70849602,sell
1497700276,38092952,0.44471,39.81031547,sell
1497700276,38092951,0.44471,19.46118851,sell
1497700256,38092938,0.44626,1,buy
1497700148,38092715,0.44627,200.1,buy
1497700148,38092714,0.44616,49.9,buy
1497699935,38092421,0.44628,19.46118851,buy
1497699919,38092398,0.44628,39.81002747,buy
1497699773,38092293,0.44462,868.0482864,sell
1497699733,38092247,0.44462,61,sell
1497699705,38092188,0.44462,497.65,sell
1497699705,38092187,0.44463,258,sell
1497699605,38092098,0.445,100,buy
1497699530,38092003,0.44462,1,sell
1497699530,38092002,0.4455,100,buy
1497699482,38091953,0.44462,1233.373652,sell
1497699482,38091952,0.445,10,sell
1497699481,38091951,0.4455,44.35,buy
1497699434,38091906,0.44599,11,buy
1497699357,38091781,0.4463,127.650477,buy
1497698899,38091352,0.44463,151.3361626,buy
1497698884,38091323,0.44462,972.295,buy
1497698830,38091265,0.44461,979.355,buy
1497698726,38091155,0.44491,0.29831564,buy
1497698599,38091069,0.4431,113,sell
1497698570,38091054,0.4431,100,sell
1497698350,38090773,0.4455,1,buy
1497698340,38090768,0.4431,47,sell
1497698184,38090558,0.446,50,buy
1497698150,38090513,0.4431,79.55839729,sell
1497698144,38090512,0.4431,79.55839729,sell
1497698089,38090451,0.4431,1664.933361,sell
1497698089,38090450,0.4431,219.7286835,sell
1497698089,38090449,0.4431,219.7286835,sell
1497698019,38090376,0.4463,28,buy
1497697791,38090025,0.44311,100,sell
1497697669,38089713,0.44311,15.99213308,sell
1497697669,38089712,0.44311,137.9063295,sell
1497697622,38089255,0.4427,977.042,sell
1497697517,38089046,0.4427,49.330854,sell
1497697466,38088922,0.4419,0.33420048,sell
1497697418,38088858,0.44423,47,buy
1497697414,38088856,0.44428,25,buy
1497697326,38088769,0.44286,10.07889375,buy
1497697315,38088745,0.44306,10.08184287,buy
1497697272,38088700,0.44,199.7225078,sell
1497697265,38088691,0.44,24.67891102,sell
1497697265,38088690,0.44,19.91391749,sell
1497697264,38088688,0.44,1.85695671,sell
1497697241,38088663,0.443,49.535415,sell
1497697133,38088569,0.44642,467.6389965,buy
1497697133,38088568,0.44263,132.3610035,buy
1497697105,38088531,0.44263,60.17337878,buy
1497697105,38088530,0.442,39.82662122,buy
1497697087,38088511,0.44,253.827707,sell
1497697045,38088473,0.442,10.08337878,buy
1497697039,38088464,0.432,226.6891094,sell
1497697039,38088463,0.433,372.4108906,sell
1497697039,38088462,0.433,118.084878,sell
1497697039,38088461,0.43399,1,sell
1497697039,38088460,0.434,1,sell
1497697039,38088459,0.434,44,sell
1497697039,38088458,0.4342,497.6491939,sell
1497697039,38088457,0.4343,79,sell
1497697039,38088456,0.43434,79,sell
1497697039,38088455,0.43499,3.70922444,sell
