Timestamp,TradeId,Price,Amount,Type
1499558399,42178480,0.30029,1.77307416,buy
1499558398,42178474,0.30029,2.98445639,buy
1499558398,42178473,0.30029,22.88083259,buy
1499558386,42178446,0.30001,18.05179315,sell
1499558386,42178442,0.30001,2.35458101,sell
1499558326,42178299,0.304,46.03701583,buy
1499558326,42178298,0.30399,179.4109526,buy
1499558326,42178297,0.30398,62.42956044,buy
1499558326,42178296,0.3016,87.12247113,buy
1499558170,42177906,0.3057,1809.88056711,buy
1499558170,42177905,0.30483,716.685715,buy
1499558170,42177904,0.30482,299.04784763,buy
1499558170,42177903,0.30357,1.140928,buy
1499558170,42177902,0.30356,87.12247113,buy
1499558170,42177901,0.30054,87.12247113,buy
1499558162,42177851,0.3,65.2778,sell
1499558110,42177684,0.30061,3.74544761,sell
1499558109,42177680,0.3006,83.37702352,sell
1499558108,42177676,0.3006,83.37702352,sell
1499558108,42177673,0.3006,83.37702352,sell
1499558103,42177659,0.3005,15.52514862,sell
1499558040,42177485,0.30018,148.22855927,sell
1499558033,42177461,0.30018,20.0,sell
1499558017,42177380,0.30021,229.87046063,sell
1499558014,42177363,0.3002,154.87841306,sell
1499558014,42177362,0.3002,52.89680603,sell
1499558013,42177355,0.30018,69.94789884,sell
1499558012,42177340,0.3047,0.5,buy
1499558011,42177307,0.3001,52.89680603,buy
1499558011,42177306,0.3001,154.87841306,buy
1499558000,42177219,0.30011,1.0,buy
1499557993,42177200,0.30549,3.0,buy
1499557992,42177196,0.3055,3.0,buy
1499557991,42177195,0.3049,3.0,buy
1499557984,42177154,0.305,3750.80694406,buy
1499557984,42177153,0.30499,249.19305594,buy
1499557981,42177145,0.305,30.0,buy
1499557979,42177142,0.305,30.0,buy
1499557978,42177133,0.305,30.0,buy
1499557969,42177113,0.3052,355.0,buy
1499557966,42177109,0.3052,355.0,buy
1499557966,42177108,0.3052,3973.46802771,buy
1499557966,42177107,0.30519,26.53197229,buy
1499557962,42177098,0.3053,355.0,buy
1499557957,42177070,0.30011,60.74749343,sell
1499557943,42177034,0.2992,3500.0,sell
1499557942,42177033,0.30577,298.27586669,buy
1499557942,42177032,0.305,1000.0,buy
1499557942,42177031,0.305,1000.0,buy
1499557942,42177030,0.305,256.04,buy
1499557942,42177029,0.3045,612.551893,buy
1499557942,42177028,0.304,225.0,buy
1499557942,42177027,0.30322,84.44790792,buy
1499557942,42177026,0.30308,205.50968605,buy
1499557942,42177025,0.30307,82.87464634,buy
1499557931,42176999,0.30322,439.10071908,buy
1499557931,42176998,0.30224,0.977052,buy
1499557931,42176997,0.30224,1.91655208,buy
1499557931,42176996,0.30224,0.392985,buy
1499557931,42176995,0.30206,447.477459,buy
1499557931,42176994,0.30162,2.309398,buy
1499557931,42176993,0.30162,6.01552008,buy
1499557931,42176992,0.30162,100.0,buy
1499557931,42176991,0.301,382.459366,buy
1499557931,42176990,0.30099,19.51705476,buy
1499557931,42176989,0.30003,326.888347,buy
1499557931,42176988,0.3,2037.645547,buy
1499557910,42176926,0.3,258.00980583,buy
1499557900,42176907,0.3,258.00980583,buy
1499557892,42176832,0.2983,49.35964401,sell
1499557892,42176828,0.2983,258.00979989,sell
1499557890,42176824,0.2983,118.09768362,sell
1499557888,42176810,0.2983,117.05068961,sell
1499557887,42176803,0.2983,12.31291103,sell
1499557877,42176721,0.29821,258.00978886,buy
1499557877,42176720,0.2982,0.00000594,buy
1499557877,42176712,0.2982,118.09767768,buy
1499557875,42176664,0.2982,129.35899681,sell
1499557874,42176656,0.2982,117.05068961,buy
1499557874,42176655,0.2982,12.31291103,buy
1499557873,42176641,0.29821,161.91950288,sell
1499557872,42176628,0.29821,177.51177616,sell
1499557869,42176594,0.2982,106.28605124,sell
1499557868,42176590,0.3,446.33484134,buy
1499557868,42176589,0.3,3245.136,buy
1499557868,42176588,0.3,73.22915866,buy
1499557819,42176420,0.3,0.1,buy
1499557675,42176164,0.29591,1.65026842,sell
1499557615,42176070,0.2931,9559.86559963,sell
1499557615,42176069,0.2966,4.0,sell
1499557615,42176068,0.29666,1.140928,sell
1499557615,42176067,0.29801,1738.739,sell
1499557615,42176066,0.29801,3696.25447237,sell
1499557604,42176061,0.3,926.67084134,buy
1499557604,42176060,0.3,387.36015866,buy
1499557598,42176047,0.29801,9.76829568,sell
1499557423,42175863,0.3,2044.19176512,buy
1499557423,42175862,0.2999,1164.29457771,buy
1499557423,42175861,0.29983,1219.91962265,buy
1499557423,42175860,0.29975,1146.4849998,buy
1499557423,42175859,0.29968,1191.23762504,buy
1499557423,42175858,0.29967,1217.08274683,buy
1499557423,42175857,0.29961,1164.15847248,buy
1499557423,42175856,0.29948,1196.28251587,buy
1499557423,42175855,0.29944,1240.39351256,buy
1499557423,42175854,0.29936,1175.49142438,buy
1499557423,42175853,0.29933,1218.69195073,buy
1499557423,42175852,0.29932,1155.29010886,buy
1499557423,42175851,0.29931,1199.85020794,buy
1499557423,42175850,0.29917,1178.46415642,buy
1499557423,42175849,0.29915,1238.60714476,buy
1499557423,42175848,0.29915,1171.40081063,buy
1499557423,42175847,0.29913,279.39175,buy
1499557423,42175846,0.29901,1165.05660822,buy
1499557423,42175845,0.299,134.0,buy
1499557423,42175844,0.299,299.71,buy
1499557423,42175843,0.2988,4200.0,buy
1499557333,42175680,0.2988,800.0,buy
1499557241,42175493,0.297,63.6,buy
1499557241,42175492,0.29699,93.27640505,buy
1499557210,42175416,0.297,6.4,buy
1499557149,42175291,0.29644,293.97723195,sell
1499556957,42174648,0.2989,100.1001001,buy
1499556949,42174626,0.2988,150.15015015,buy
1499556942,42174619,0.2989,1500.0,buy
1499556862,42174534,0.2988,381.83988172,buy
1499556862,42174533,0.29879,118.16011828,buy
1499556799,42174426,0.2986,1.75420192,buy
1499556799,42174424,0.2986,13.44891658,buy
1499556782,42174377,0.29502,0.32985966,sell
1499556757,42174281,0.299,19.357246,sell
1499556756,42174274,0.299,25.716374,sell
1499556756,42174264,0.299,11.408245,sell
1499556753,42174231,0.299,163.20476308,sell
1499556735,42174201,0.299,158.40720521,sell
1499556734,42174199,0.299,33.81422894,sell
1499556730,42174183,0.29884,1212.84387426,buy
1499556730,42174182,0.29878,1213.26686363,buy
1499556730,42174181,0.29877,1211.2128558,buy
1499556730,42174180,0.29874,1202.77493288,buy
1499556730,42174179,0.29863,1144.32652179,buy
1499556730,42174178,0.2986,1149.51679584,buy
1499556730,42174177,0.29854,1146.55068936,buy
1499556729,42174176,0.29853,1247.17251683,buy
1499556729,42174175,0.29851,1155.53469265,buy
1499556729,42174174,0.29848,1181.79120442,buy
1499556729,42174173,0.29845,1164.72160246,buy
1499556729,42174172,0.29829,238.796367,buy
1499556729,42174171,0.29828,1252.2607873,buy
1499556729,42174170,0.29827,1206.7817571,buy
1499556729,42174169,0.29822,1208.40512968,buy
1499556729,42174168,0.29815,1223.9480945,buy
1499556729,42174167,0.29814,1254.43747709,buy
1499556729,42174166,0.29811,1198.02299176,buy
1499556729,42174165,0.29804,1228.47079706,buy
1499556721,42174158,0.298,429.140425,sell
1499556720,42174156,0.298,122.79735173,sell
1499556719,42174151,0.298,28.7273981,sell
1499556719,42174147,0.298,19.12523793,sell
1499556718,42174117,0.298,414.42254116,sell
1499556717,42174112,0.298,19.12696536,sell
1499556717,42174109,0.298,0.91313171,sell
1499556717,42174108,0.298,0.11908553,sell
1499556717,42174107,0.298,335.25666072,sell
1499556717,42174106,0.298,7.00104747,sell
1499556716,42174100,0.298,1217.630553,sell
1499556716,42174099,0.298,1.42431768,sell
1499556716,42174098,0.298,335.41820953,sell
1499556716,42174096,0.298,10.92033961,sell
1499556716,42174095,0.298,873.92045082,sell
1499556716,42174094,0.298,0.18577684,sell
1499556716,42174093,0.298,251.747119,sell
1499556715,42174085,0.298,1196.80231251,sell
1499556714,42174069,0.298,599.23888201,sell
1499556714,42174066,0.298,985.439365,sell
1499556713,42174065,0.298,509.76692364,sell
1499556713,42174061,0.298,518.65260791,sell
1499556713,42174056,0.298,1573.665004,sell
1499556713,42174044,0.298,1482.547119,sell
1499556713,42174036,0.298,2361.18340085,sell
1499556713,42174026,0.298,1453.827181,sell
1499556713,42174025,0.298,1492.81678669,sell
1499556711,42174017,0.298,708.3345822,sell
1499556711,42174016,0.29799,1203.90561739,buy
1499556711,42174015,0.29796,1157.99565152,buy
1499556711,42174014,0.29794,1153.13589047,buy
1499556711,42174013,0.29793,108.93213404,buy
1499556711,42174012,0.29784,1260.26405931,buy
1499556711,42174011,0.29777,1228.10647701,buy
1499556711,42174010,0.29772,7.96821577,buy
1499556711,42174009,0.29766,1187.6455922,buy
1499556711,42174008,0.29759,1227.91528024,buy
1499556711,42174007,0.29751,204.099459,buy
1499556711,42174006,0.29739,1186.2875876,buy
1499556711,42174005,0.29733,1150.26680298,buy
1499556711,42174004,0.29718,1201.38597893,buy
1499556711,42174003,0.29715,1216.04817496,buy
1499556711,42174002,0.29715,1164.19210455,buy
1499556711,42174001,0.29715,1207.84197714,buy
1499556711,42174000,0.29714,376.86269149,buy
1499556711,42173999,0.29712,1171.29442986,buy
1499556711,42173998,0.29707,1246.29137264,buy
1499556704,42173979,0.297,80.72960488,sell
1499556703,42173975,0.297,295.29875588,sell
1499556702,42173974,0.297,233.13562218,sell
1499556702,42173972,0.297,185.21622346,sell
1499556702,42173970,0.297,385.75833608,sell
1499556701,42173962,0.297,97.3691401,sell
1499556700,42173956,0.297,233.14139467,sell
1499556700,42173946,0.297,385.37257775,sell
1499556699,42173943,0.297,233.11656425,sell
1499556699,42173939,0.297,232.68957568,sell
1499556697,42173924,0.297,233.26910856,sell
1499556696,42173914,0.297,233.09750944,sell
1499556694,42173905,0.297,233.03583945,sell
1499556693,42173904,0.297,322.23641852,sell
1499556691,42173893,0.297,26.155188,sell
1499556689,42173886,0.297,0.646753,sell
1499556689,42173885,0.297,147.60802336,sell
1499556687,42173876,0.297,195.702886,sell
1499556687,42173875,0.297,103.31567021,sell
1499556687,42173873,0.297,621.99167691,sell
1499556687,42173867,0.297,857.87891798,sell
1499556686,42173855,0.297,226.49440738,sell
1499556686,42173853,0.297,433.88954001,sell
1499556686,42173850,0.297,4913.17394513,sell
1499556686,42173848,0.297,12361.572066,sell
1499556686,42173843,0.297,88.60677893,sell
1499556686,42173842,0.297,6841.87330459,sell
1499556685,42173831,0.297,112.22565069,sell
1499556685,42173830,0.297,1722.24911642,buy
1499556685,42173829,0.297,1182.67693391,buy
1499556685,42173828,0.29677,174.443982,buy
1499556685,42173827,0.29677,184.075572,buy
1499556685,42173826,0.29677,411.88704809,buy
1499556685,42173825,0.29677,18.96614072,buy
1499556685,42173824,0.29677,262.80661898,buy
1499556685,42173823,0.29663,230.74924834,buy
1499556685,42173822,0.29663,280.86822437,buy
1499556685,42173821,0.29658,80.29506489,buy
1499556685,42173820,0.29658,39.74351643,buy
1499556685,42173819,0.29657,226.26791298,buy
1499556685,42173818,0.29643,50.0,buy
1499556685,42173817,0.29607,113.69685069,buy
1499556685,42173816,0.29607,149.097421,buy
1499556682,42173808,0.296,172.22943503,sell
1499556681,42173807,0.296,67.68273725,sell
1499556681,42173802,0.296,0.45800534,sell
1499556681,42173801,0.296,26.92042536,sell
1499556681,42173800,0.296,3.51136338,sell
1499556681,42173799,0.296,12.3583167,sell
1499556681,42173798,0.296,128.55521141,sell
1499556681,42173796,0.296,93.70465109,sell
1499556680,42173791,0.296,108.39999916,sell
1499556680,42173790,0.296,144.69295037,sell
1499556676,42173782,0.296,89.57012692,sell
1499556675,42173777,0.296,50.528245,sell
1499556674,42173775,0.296,570.26314079,sell
1499556673,42173768,0.29542,127.433693,buy
1499556673,42173767,0.2954,1175.865,buy
1499556673,42173766,0.29539,113.86293749,buy
1499556673,42173765,0.29539,1159.336,buy
1499556668,42173762,0.295,9.06483877,sell
1499556668,42173761,0.295,103.95875431,sell
1499556668,42173760,0.295,1.18236669,sell
1499556668,42173759,0.29439,69.49713016,buy
1499556668,42173758,0.29438,1.18236669,buy
1499556668,42173757,0.29438,103.95875431,buy
1499556668,42173756,0.29436,9.06483877,buy
1499556668,42173755,0.29435,0.15422782,buy
1499556668,42173754,0.29414,9.06483877,buy
1499556668,42173753,0.29414,103.95875431,buy
1499556665,42173738,0.294,71.95513684,sell
1499556664,42173735,0.294,71.80136855,sell
1499556664,42173734,0.294,215.87320947,sell
1499556663,42173731,0.29368,242.26841937,buy
1499556663,42173730,0.29367,131.09630884,buy
1499556621,42173638,0.295,2.20369208,sell
1499556621,42173637,0.295,1396.81577457,sell
1499556620,42173635,0.295,500.0,buy
1499556620,42173634,0.295,1000.0,buy
1499556620,42173633,0.29479,108.917686,buy
1499556620,42173632,0.2942,93.09204,buy
1499556620,42173631,0.29406,135.18321,buy
1499556620,42173630,0.29398,87.160232,buy
1499556620,42173629,0.2938,135.22736535,buy
1499556620,42173628,0.2938,6541.4,buy
1499556481,42173387,0.2931,103.2349681,buy
1499556481,42173385,0.2931,103.11862164,buy
1499556480,42173381,0.2931,103.15774377,buy
1499556478,42173371,0.29319,103.03446391,buy
1499556477,42173369,0.2932,105.21850927,buy
1499556477,42173366,0.2932,136.68526952,buy
1499556477,42173365,0.2932,177.23782635,buy
1499556471,42173349,0.288,45.94146672,buy
1499556471,42173347,0.288,1109.441,buy
1499556471,42173346,0.2889,316.57459328,sell
1499556471,42173345,0.28891,316.54294,sell
1499556471,42173344,0.28891,8.0,sell
1499556471,42173343,0.29,3.5,sell
1499556470,42173337,0.294,1152.06715702,sell
1499556442,42173279,0.294,47.39140616,sell
1499556441,42173277,0.294,123.53635082,sell
1499556441,42173276,0.294,10.40864064,sell
1499556441,42173270,0.294,133.59644536,sell
1499556370,42173162,0.294,83.35584026,sell
1499556369,42173156,0.294,83.34859922,sell
1499556349,42173082,0.294,3701.579117,buy
1499556349,42173081,0.29364,79.565846,buy
1499556349,42173080,0.2931,68.004996,buy
1499556347,42173066,0.293,996.506096,sell
1499556346,42173063,0.293,2519.51222903,sell
1499556345,42173058,0.29286,2332.689,buy
1499556345,42173057,0.29285,2516.882,buy
1499556342,42173050,0.292,8147.741116,sell
1499556341,42173042,0.293,20.64002091,sell
1499556341,42173041,0.293,19678.64635062,sell
1499556340,42173040,0.2928,5000.0,buy
1499556340,42173039,0.29258,58.123929,buy
1499556340,42173038,0.29208,49.678571,buy
1499556340,42173037,0.29207,192.91112847,buy
1499556333,42173026,0.29161,42.460317,buy
1499556333,42173025,0.2916,193.08090033,buy
1499556333,42173024,0.29115,36.29087,buy
1499556297,42172958,0.291,13544.0999055,buy
1499556297,42172957,0.29099,3696.00170555,buy
1499556297,42172956,0.2909,500.0,buy
1499556274,42172914,0.29,2500.0,sell
1499556080,42172641,0.2898,1276.2,sell
1499556028,42172573,0.2899,200.0,buy
1499555984,42172497,0.2908,0.646753,sell
1499555984,42172496,0.2908,0.05157903,sell
1499555966,42172477,0.2908,188.84664001,sell
1499555966,42172473,0.2908,10573.3,sell
1499555965,42172471,0.29071,31.017837,buy
1499555965,42172470,0.29044,1924.9044,buy
1499555965,42172469,0.29028,26.510972,buy
1499555965,42172468,0.28997,206.56857196,buy
1499555965,42172467,0.2899,7048.8,buy
1499555677,42172204,0.28661,50.0,sell
1499555560,42172035,0.28987,22.65895,buy
1499555560,42172034,0.28986,190.58203737,buy
1499555560,42172033,0.2898,10.11,buy
1499555522,42171985,0.2888,7152.9,buy
1499555507,42171940,0.28898,1000.0,buy
1499555465,42171883,0.2892,1.0,sell
1499555439,42171853,0.2892,9.0,sell
1499555406,42171793,0.2892,223.25,sell
1499555388,42171761,0.288,16.75,buy
1499555331,42171571,0.28878,83.25,sell
1499555322,42171531,0.28969,1.0,sell
1499555322,42171530,0.28969,1.0,sell
1499555319,42171523,0.2897,1928.86685495,buy
1499555308,42171506,0.28969,10.0,sell
1499555308,42171505,0.28969,10.0,sell
1499555308,42171504,0.28969,10.0,sell
1499555308,42171503,0.28969,50.0,sell
1499555308,42171502,0.28969,50.0,sell
1499555290,42171460,0.2893,50.0,buy
1499555288,42171455,0.28969,50.0,sell
1499555288,42171452,0.28938,50.0,buy
1499555287,42171450,0.28889,50.0,buy
1499555286,42171447,0.28889,50.0,buy
1499555285,42171443,0.2889,50.0,buy
1499555284,42171440,0.28899,50.0,buy
1499555276,42171420,0.2894,500.0,buy
1499555274,42171413,0.28958,500.0,buy
1499554979,42170863,0.28889,13.0,buy
1499554949,42170817,0.28661,2750.0,sell
1499554775,42170554,0.28641,380.66981337,sell
1499554695,42170438,0.2866,50.0,sell
1499554683,42170424,0.28928,200.0,buy
1499554654,42170384,0.28651,545.92989218,sell
1499554563,42170274,0.286,325.91720408,buy
1499554563,42170273,0.286,0.00639592,buy
1499554501,42170224,0.286,9.99360408,buy
1499554501,42170223,0.286,0.00639592,buy
1499554483,42170197,0.2852,9.01,sell
1499554464,42170163,0.286,47.1,buy
1499554405,42170070,0.28509,9.0,sell
1499554405,42170069,0.28557,1.0,sell
1499554382,42170034,0.28622,1.91655208,sell
1499554382,42170033,0.2864,0.977052,sell
1499554081,42169726,0.28947,19.366624,buy
1499554081,42169725,0.28908,16.55267,buy
1499554081,42169724,0.28871,14.147581,buy
1499554080,42169723,0.28835,12.09195,buy
1499554080,42169721,0.28834,387.47198602,buy
1499554074,42169713,0.28834,77.38038083,buy
1499554074,42169712,0.288,0.035,buy
1499554011,42169681,0.288,10.3,buy
1499553968,42169648,0.28712,150.0,sell
1499553958,42169633,0.2905,6.632365,buy
1499553958,42169632,0.28996,22.805844,buy
1499553958,42169631,0.28943,19.492175,buy
1499553958,42169630,0.28891,16.659978,buy
1499553958,42169629,0.28842,14.239298,buy
1499553958,42169628,0.28793,12.17034,buy
1499553919,42169591,0.28771,10.402,sell
1499553915,42169590,0.2877,439.511,sell
1499553915,42169589,0.28771,9.489,sell
1499553880,42169539,0.2866,150.0,sell
1499553871,42169529,0.28621,1.0,sell
1499553858,42169519,0.2909,25.276547,buy
1499553856,42169517,0.291,4497.99145706,buy
1499553856,42169516,0.29092,26.906007,buy
1499553856,42169515,0.29037,22.996587,buy
1499553856,42169514,0.29036,452.10594894,buy
1499553854,42169508,0.2891,2874.62811961,sell
1499553854,42169507,0.29,25.2238276,sell
1499553854,42169505,0.29,1281.2761724,sell
1499553854,42169503,0.29,5000.0,sell
1499553853,42169502,0.2894,11816.1,buy
1499553853,42169501,0.2891,7877.4,buy
1499553853,42169500,0.28909,4000.0,buy
1499553848,42169492,0.28928,3630.809,buy
1499553848,42169491,0.28927,6568.691,buy
1499553848,42169490,0.2892,7920.2,buy
1499553848,42169489,0.2892,11880.3,buy
1499553843,42169476,0.28938,5081.92674441,buy
1499553843,42169475,0.28937,7108.178,buy
1499553843,42169474,0.28936,492.11065059,buy
1499553843,42169473,0.28936,7030.408,buy
1499553843,42169472,0.28936,5287.376605,buy
1499553843,42169471,0.2893,5000.0,buy
1499553812,42169419,0.2889,1.11290878,buy
1499553806,42169411,0.289,0.029627,sell
1499553767,42169389,0.29,36.454522,buy
1499553766,42169380,0.2899,2435.04694749,buy
1499553766,42169379,0.28989,2069.4722,buy
1499553766,42169378,0.28989,495.48085251,buy
1499553762,42169376,0.29,963.545478,buy
1499553762,42169375,0.28984,19.655203,buy
1499553762,42169374,0.28933,16.799319,buy
1499553762,42169373,0.28909,4000.0,buy
1499553762,42169372,0.289,1171.2,sell
1499553761,42169367,0.2892,2925.5187,buy
1499553761,42169366,0.28919,2074.4813,buy
1499553754,42169359,0.28931,217.43100958,buy
1499553754,42169358,0.2893,182.56899042,buy
1499553754,42169357,0.2893,299.980478,buy
1499553754,42169356,0.28883,0.019522,buy
1499553744,42169321,0.28883,14.33887,buy
1499553744,42169320,0.28834,12.27213,buy
1499553744,42169319,0.28788,10.489,buy
1499553739,42169313,0.28787,471.85475876,buy
1499553739,42169312,0.28787,10.489,buy
1499553626,42169163,0.2873,15.843,sell
1499553612,42169146,0.2873,15.22,sell
1499553581,42169119,0.28787,0.18,buy
1499553534,42169087,0.28787,93.79301,buy
1499553526,42169075,0.2851,23.0,sell
1499553494,42169023,0.285,6378.04930438,sell
1499553494,42169022,0.285,854.56069562,sell
1499553489,42169014,0.28787,20.0,buy
1499553485,42169009,0.2851,395.933,sell
1499553485,42169008,0.2851,7364.9,sell
1499553477,42168974,0.285,4145.43930438,sell
1499553477,42168973,0.2851,5.8582655,sell
1499553477,42168972,0.2851,2.309398,sell
1499553477,42168971,0.28511,10.09,sell
1499553477,42168970,0.28511,300.0,sell
1499553477,42168969,0.28512,2849.58773772,sell
1499553477,42168968,0.286,98.1962944,sell
1499553473,42168959,0.2869,1474.4586798,sell
1499553472,42168952,0.2869,23.0,sell
1499553467,42168922,0.2866,10.0,sell
1499553460,42168916,0.2865,10.0,sell
1499553443,42168899,0.2862,50.0,sell
1499553425,42168864,0.2873,15.0,sell
1499553414,42168845,0.287,22.0,sell
1499553410,42168843,0.2868,21.0,sell
1499553408,42168842,0.2868,21.0,sell
1499553392,42168810,0.2861,120.0,sell
1499553392,42168809,0.2905,1.0,sell
1499553392,42168808,0.2908,1.0,sell
1499553338,42168743,0.2865,122.0,sell
1499553325,42168730,0.2857,1650.0,sell
1499553325,42168729,0.286,98.241357,buy
1499553325,42168726,0.28667,0.983856,sell
1499553325,42168725,0.28667,22.774787,sell
1499553320,42168720,0.2871,12.0,sell
1499553305,42168693,0.2883,318.498,sell
1499553305,42168692,0.2884,649.502,sell
1499553305,42168691,0.2885,32.0,sell
1499553265,42168640,0.2885,78.0,sell
1499553260,42168635,0.2885,78.0,sell
1499553255,42168625,0.2885,54.0,sell
1499553252,42168615,0.2885,56.0,sell
1499553237,42168598,0.2883,99.12597558,sell
1499553237,42168597,0.28989,0.494204,sell
1499553237,42168596,0.28989,0.37982042,sell
1499553213,42168573,0.28989,0.15725458,sell
1499553213,42168572,0.28989,50.84274542,sell
1499553194,42168538,0.29098,61.100386,buy
1499553193,42168527,0.29096,342.60128249,buy
1499553139,42168464,0.29092,250.0,buy
1499553064,42168303,0.29099,600.48773772,buy
1499553054,42168285,0.291,1957.90863744,buy
1499553007,42168226,0.29,1203.9,buy
1499553006,42168224,0.29,5000.0,buy
1499553006,42168223,0.29,5000.0,buy
1499553005,42168221,0.29,5000.0,buy
1499553005,42168219,0.29,5000.0,buy
1499553005,42168216,0.29,5000.0,buy
1499553003,42168210,0.29,5000.0,buy
1499553003,42168209,0.29,5000.0,buy
1499553003,42168208,0.29,5000.0,buy
1499553002,42168207,0.29,5000.0,buy
1499553001,42168205,0.29,5000.0,buy
1499552991,42168192,0.29,7358.8,buy
1499552974,42168175,0.29,7414.9,buy
1499552932,42168100,0.29,9000.0,buy
1499552928,42168090,0.29,7475.1,buy
1499552915,42168069,0.29,300.0,buy
1499552852,42167828,0.29,5.0,buy
1499552810,42167787,0.29,1718.0,buy
1499552795,42167774,0.29,7730.1,buy
1499552788,42167770,0.29,7794.2,sell
1499552777,42167756,0.29,77.12283089,buy
1499552777,42167755,0.29,611.57005926,buy
1499552777,42167754,0.29084,6.21710985,sell
1499552597,42167557,0.29089,304.31831967,sell
1499552579,42167526,0.29089,235.81167672,buy
1499552579,42167523,0.29089,68.65879033,buy
1499552579,42167522,0.29088,304.31831967,buy
1499552579,42167521,0.29087,304.28789,buy
1499552557,42167478,0.29088,0.04000236,buy
1499552557,42167477,0.29087,304.45999764,buy
1499552554,42167463,0.29089,309.68677236,buy
1499552554,42167462,0.29073,304.45323,buy
1499552554,42167461,0.29072,304.45999764,buy
1499552528,42167313,0.29078,180.52310258,buy
1499552520,42167303,0.29089,215.84145329,buy
1499552520,42167302,0.29088,572.97725,buy
1499552520,42167301,0.29081,312.55004971,buy
1499552520,42167300,0.2908,266.17367,buy
1499552499,42167284,0.29146,12.27213,buy
1499552499,42167283,0.29099,10.489,buy
1499552493,42167277,0.29085,334.38117478,buy
1499552493,42167276,0.29085,5.0,buy
1499552451,42167227,0.29,30.0,buy
1499552392,42167184,0.28981,293.97723195,buy
1499552271,42167027,0.28973,0.1,buy
1499552265,42167012,0.2861,308.63136163,sell
1499552265,42167011,0.28797,100.0,sell
1499552265,42167010,0.289,1500.0,sell
1499552265,42167009,0.289,4.36863837,sell
1499552231,42166966,0.28973,2249.0,buy
1499552203,42166937,0.29,5.0,sell
1499552128,42166750,0.2901,1146.861,sell
1499552128,42166749,0.2901,5.0,sell
1499552126,42166732,0.2901,7053.739,sell
1499552120,42166686,0.291,4.3463956,buy
1499552120,42166685,0.291,0.46562452,buy
1499552120,42166684,0.291,5.96012533,buy
1499552120,42166683,0.291,1.99703467,buy
1499552119,42166682,0.291,1.0,sell
1499552119,42166681,0.291,568.12553472,sell
1499552119,42166680,0.29101,0.15094164,sell
1499552119,42166679,0.29102,5.96012533,sell
1499552119,42166678,0.29102,4.3463956,sell
1499552119,42166677,0.29102,1.99703467,sell
1499552119,42166676,0.29102,0.46562452,sell
1499552119,42166675,0.29102,1.071778,sell
1499552106,42166666,0.291,327.71106809,sell
1499552106,42166665,0.29109,0.56695879,sell
1499552106,42166664,0.29109,4.3463956,sell
1499552106,42166663,0.29134,0.46562452,sell
1499552106,42166662,0.291,104.16339719,sell
1499552106,42166661,0.29108,0.56695879,sell
1499552106,42166660,0.29108,0.46562452,sell
1499552106,42166659,0.29108,1.99703467,sell
1499552106,42166658,0.29108,5.96012533,sell
1499552106,42166657,0.29108,1.071778,sell
1499552106,42166656,0.29134,4.3463956,sell
1499552106,42166655,0.29134,1.3042389,sell
1499552083,42166632,0.292,1650.0,sell
1499552083,42166631,0.292,5.0,sell
1499552083,42166630,0.29225,0.17014821,sell
1499552083,42166629,0.29226,76.81630975,sell
1499552083,42166628,0.2923,170.0,sell
1499552049,42166591,0.29242,2.980947,sell
1499551959,42166485,0.29389,1.01,buy
1499551926,42166466,0.29243,8.30252278,sell
1499551926,42166465,0.29243,0.64205271,sell
1499551921,42166462,0.2942,34.78700523,buy
1499551883,42166434,0.29421,134.42570382,buy
1499551883,42166433,0.29421,362.04043456,buy
1499551813,42166369,0.29452,1.000005,buy
1499551775,42166347,0.29243,1.0,sell
1499551655,42166211,0.29179,199.53437548,sell
1499551655,42166210,0.2918,0.46562452,sell
1499551621,42166093,0.2955,300.61361585,buy
1499551621,42166092,0.2955,358.77118004,buy
1499551571,42166038,0.2927,1040.91149704,sell
1499551571,42166037,0.29273,1063.56717619,sell
1499551571,42166036,0.29391,196.02449362,sell
1499551571,42166035,0.29391,25.79683315,sell
1499551571,42166034,0.294,8673.7,sell
1499551554,42166007,0.29271,1027.9564967,sell
1499551554,42166006,0.29333,10.04905096,sell
1499551554,42166005,0.29334,496.46613838,sell
1499551554,42166004,0.29334,480.40446441,sell
1499551554,42166003,0.29334,25.79683315,sell
1499551554,42166002,0.29334,8.30252278,sell
1499551554,42166001,0.29334,196.02449362,sell
1499551554,42166000,0.2935,8750.0,sell
1499551554,42165999,0.294,5.0,sell
1499551541,42165966,0.2933,8658.38237442,sell
1499551541,42165965,0.29331,1027.326,sell
1499551541,42165964,0.29331,253.0635318,sell
1499551541,42165963,0.29331,251.7159247,sell
1499551541,42165962,0.29331,327.39448069,sell
1499551541,42165961,0.29331,482.11768839,sell
1499551533,42165955,0.29635,5.0,buy
1499551523,42165900,0.29637,0.22161714,buy
1499551522,42165899,0.29637,10.14442235,buy
1499551520,42165897,0.29638,0.22161714,sell
1499551520,42165896,0.29639,10.14442235,sell
1499551518,42165895,0.29638,2.89218847,buy
1499551517,42165893,0.29638,19.83216772,buy
1499551516,42165892,0.29639,0.22161714,sell
1499551510,42165889,0.29637,0.39770894,buy
1499551510,42165888,0.29637,22.54826439,buy
1499551496,42165855,0.29708,20.0,buy
1499551489,42165852,0.29635,0.39770894,sell
1499551489,42165851,0.29635,22.54826439,sell
1499551486,42165845,0.29714,76.92602478,buy
1499551486,42165844,0.29634,22.94597333,buy
1499551477,42165827,0.29633,22.94597333,buy
1499551396,42165564,0.29626,3.07093523,sell
1499551396,42165563,0.29627,1.69906477,sell
1499551393,42165557,0.29771,66.0,buy
1499551391,42165548,0.29772,19.65123798,buy
1499551388,42165536,0.29626,88.1278678,sell
1499551381,42165508,0.29141,26.61919083,sell
1499551381,42165507,0.29625,1.69906477,sell
1499551381,42165506,0.29625,171.6817444,sell
1499551381,42165505,0.29625,22.94597333,sell
1499551380,42165496,0.29625,3.74118928,sell
1499551379,42165494,0.29625,53.34701769,sell
1499551379,42165493,0.29625,22.54826439,sell
1499551379,42165492,0.29625,20.22987666,sell
1499551379,42165491,0.29625,13.03661082,sell
1499551379,42165490,0.29625,0.22161714,sell
1499551379,42165489,0.29625,19.65123798,sell
1499551368,42165452,0.29624,3.74118928,buy
1499551368,42165451,0.29624,129.03462468,buy
1499551368,42165450,0.29624,88.1278678,buy
1499551367,42165449,0.29623,88.119055,buy
1499551364,42165439,0.29624,126.82042756,sell
1499551364,42165438,0.29625,113.06866011,sell
1499551364,42165436,0.29625,9.74931133,sell
1499551358,42165415,0.29624,36.97648642,sell
1499551357,42165414,0.29624,164.87706076,sell
1499551357,42165413,0.29624,1.64205271,sell
1499551354,42165395,0.29624,59.95240389,sell
1499551354,42165394,0.29624,76.81630975,sell
1499551354,42165393,0.29624,4.300915,sell
1499551353,42165381,0.29624,0.0454806,sell
1499551353,42165380,0.29624,22.54826439,sell
1499551353,42165379,0.29624,1.69906477,sell
1499551353,42165378,0.29624,104.74178874,sell
1499551353,42165376,0.29624,32.363756,sell
1499551353,42165370,0.29624,67.83124311,sell
1499551350,42165339,0.29624,38.583841,sell
1499551346,42165305,0.29786,262.80661898,buy
1499551344,42165292,0.29624,8.19529585,sell
1499551344,42165291,0.29624,13.03661082,sell
1499551344,42165290,0.29624,0.22161714,sell
1499551344,42165289,0.29624,0.56695879,sell
1499551344,42165288,0.29624,7.13612673,sell
1499551343,42165281,0.29624,13.09374993,sell
1499551343,42165280,0.29624,1.3042389,sell
1499551343,42165279,0.29624,1.071778,sell
1499551341,42165274,0.2979,0.21953134,buy
1499551341,42165273,0.2979,19.17379474,buy
1499551341,42165272,0.2979,12.91440529,buy
1499551341,42165271,0.2979,0.16469195,buy
1499551340,42165270,0.2979,98.85291518,buy
1499551340,42165269,0.29801,1.68307357,buy
1499551339,42165266,0.29803,33.4189981,buy
1499551338,42165264,0.29803,256.34246089,buy
1499551338,42165259,0.291,328.67397474,buy
1499551338,42165253,0.291,10.04905096,sell
1499551338,42165252,0.291,1.64205271,sell
1499551338,42165251,0.291,496.46613838,sell
1499551338,42165250,0.291,327.39448069,sell
1499551338,42165249,0.291,76.81630975,sell
1499551338,42165248,0.291,0.17014821,sell
1499551338,42165247,0.291,1.3042389,sell
1499551338,42165246,0.291,1.071778,sell
1499551338,42165245,0.291,0.15094164,sell
1499551338,42165244,0.291,19.17379474,sell
1499551338,42165243,0.291,0.16469195,sell
1499551338,42165242,0.291,1.99703467,sell
1499551338,42165241,0.291,5.96012533,sell
1499551338,42165240,0.291,1.68307357,sell
1499551338,42165239,0.291,98.85291518,sell
1499551338,42165238,0.291,482.11768839,sell
1499551338,42165237,0.291,12.91440529,sell
1499551338,42165236,0.291,0.21953134,sell
1499551338,42165235,0.291,196.02449362,sell
1499551338,42165234,0.291,33.4189981,sell
1499551338,42165233,0.291,480.40446441,sell
1499551338,42165232,0.291,0.56695879,sell
1499551338,42165231,0.291,4.3463956,sell
1499551338,42165230,0.291,256.34246089,sell
1499551338,42165229,0.291,253.0635318,sell
1499551338,42165228,0.291,13.03661082,sell
1499551338,42165227,0.291,1.69906477,sell
1499551338,42165226,0.291,22.54826439,sell
1499551338,42165225,0.291,20.22987666,sell
1499551338,42165224,0.291,0.22161714,sell
1499551338,42165223,0.291,251.7159247,sell
1499551338,42165222,0.29624,1065.988,sell
1499551338,42165221,0.29624,25.79683315,sell
1499551338,42165220,0.29624,0.46562452,sell
1499551338,42165219,0.29624,7.3085062,sell
1499551337,42165217,0.29624,115.50946524,sell
1499551337,42165216,0.29624,262.80661898,sell
1499551337,42165215,0.29624,8.30252278,sell
1499551331,42165197,0.29623,28.70688276,sell
1499551330,42165193,0.2911,4183.30495649,sell
1499551330,42165192,0.29623,316.69504351,sell
1499551327,42165129,0.29822,25.79683315,sell
1499551327,42165128,0.29822,0.46562452,sell
1499551327,42165127,0.29822,147.21493824,sell
1499551326,42165114,0.29822,115.59168074,sell
1499551325,42165081,0.29824,29.9942051,sell
1499551325,42165078,0.29824,80.29506489,sell
1499551324,42165076,0.29824,12.52870145,sell
1499551321,42165069,0.29821,18.96614072,buy
1499551321,42165068,0.29821,230.74924834,buy
1499551321,42165067,0.29821,280.86822437,buy
1499551321,42165066,0.29821,152.98954334,buy
1499551321,42165065,0.29821,1.08188804,buy
1499551321,42165064,0.29821,8.30252278,buy
1499551321,42165062,0.29821,4.14515931,buy
1499551321,42165061,0.29821,15.3286736,buy
1499551321,42165060,0.29821,0.14109323,buy
1499551318,42165049,0.29822,5.96012533,sell
1499551318,42165048,0.29822,0.15094164,sell
1499551317,42165005,0.291,3071.76706138,buy
1499551316,42165003,0.29622,297.66232982,sell
1499551316,42165002,0.29622,0.15094164,sell
1499551316,42165001,0.29622,5.96012533,sell
1499551316,42165000,0.29822,122.81797144,sell
1499551316,42164999,0.29823,25.79683315,sell
1499551316,42164998,0.29823,1.08188804,sell
1499551316,42164997,0.29823,946.37977575,sell
1499551316,42164996,0.29823,0.14109323,sell
1499551316,42164995,0.29823,8.30252278,sell
1499551316,42164994,0.29823,0.46562452,sell
1499551316,42164993,0.29823,19.47383291,sell
1499551311,42164982,0.29917,25.79683315,sell
1499551305,42164972,0.2992,9.90799817,buy
1499551298,42164951,0.29916,39.70377291,sell
1499551296,42164940,0.291,499.12964729,buy
1499551296,42164939,0.291,1.15721922,buy
1499551296,42164938,0.29112,840.40602118,sell
1499551296,42164937,0.29113,840.32198,sell
1499551296,42164936,0.29115,4.59936931,sell
1499551296,42164935,0.29611,297.6499797,sell
1499551296,42164934,0.29611,0.78803032,sell
1499551296,42164933,0.29621,3.56978802,sell
1499551296,42164932,0.29622,25.79683315,sell
1499551296,42164931,0.29622,122.81797144,sell
1499551296,42164930,0.29728,5.96012533,sell
1499551296,42164929,0.29728,13.98775412,sell
1499551296,42164928,0.29819,0.46562452,sell
1499551296,42164927,0.29819,1.08188804,sell
1499551296,42164926,0.29819,946.37977575,sell
1499551296,42164925,0.2982,19.47383291,sell
1499551296,42164924,0.2982,0.14109323,sell
1499551296,42164923,0.2982,8.30252278,sell
1499551296,42164922,0.2982,777.60681125,sell
1499551296,42164921,0.29821,60.52468138,sell
1499551296,42164920,0.29821,8.872014,sell
1499551296,42164919,0.29821,11.05903889,sell
1499551296,42164918,0.29916,9.90799817,sell
1499551284,42164899,0.29791,34.99804644,buy
1499551284,42164898,0.29818,0.14109323,sell
1499551284,42164897,0.29818,8.30252278,sell
1499551284,42164896,0.29819,626.87600416,sell
1499551284,42164895,0.29819,13.98775412,sell
1499551284,42164894,0.29819,25.79683315,sell
1499551284,42164893,0.29819,122.81797144,sell
1499551284,42164892,0.29819,1.15721922,sell
1499551284,42164891,0.29819,0.15094164,sell
1499551284,42164890,0.29819,60.52468138,sell
1499551284,42164889,0.29819,8.872014,sell
1499551284,42164888,0.29819,11.05903889,sell
1499551284,42164887,0.29819,3.56978802,sell
1499551284,42164886,0.29819,1.08188804,sell
1499551284,42164885,0.29819,0.46562452,sell
1499551284,42164884,0.29819,946.37977575,sell
1499551284,42164883,0.29819,9.90799817,sell
1499551271,42164864,0.29818,33.55942058,buy
1499551270,42164862,0.29818,6.04156577,buy
1499551270,42164861,0.29818,0.10278656,buy
1499551269,42164858,0.29601,22.27669471,sell
1499551269,42164857,0.29601,7.79096545,sell
1499551269,42164855,0.29601,0.51155733,sell
1499551268,42164849,0.296,0.41561352,sell
1499551268,42164845,0.29726,0.1393674,sell
1499551267,42164840,0.29726,0.20690568,sell
1499551267,42164838,0.29726,0.62260501,sell
1499551267,42164824,0.29726,0.38489089,sell
1499551266,42164815,0.29726,10.01102525,sell
1499551266,42164806,0.29726,0.19463379,sell
1499551266,42164798,0.29726,0.11207748,sell
1499551265,42164787,0.29726,3.94124852,sell
1499551265,42164786,0.29726,0.51413185,sell
1499551265,42164785,0.29917,720.004628,buy
1499551265,42164779,0.29726,29.9294942,sell
1499551260,42164707,0.296,152.85121569,buy
1499551260,42164706,0.296,1495.49878431,buy
1499551259,42164688,0.291,1311.67784871,buy
1499551259,42164687,0.28921,12.0,sell
1499551259,42164686,0.29121,828.909367,sell
1499551259,42164685,0.29122,828.82648,sell
1499551259,42164684,0.29721,158.72257864,sell
1499551259,42164683,0.29722,11.99473904,sell
1499551259,42164682,0.29725,578.05896833,sell
1499551259,42164681,0.2979,447.82,sell
1499551259,42164680,0.29791,67.29336798,sell
1499551259,42164679,0.29791,0.4725253,sell
1499551259,42164678,0.29817,266.224125,sell
1499551225,42164632,0.29919,140.93483086,buy
1499551225,42164629,0.29919,93.89205682,buy
1499551219,42164620,0.29919,40.41808807,buy
1499551204,42164598,0.29919,14.27048359,buy
1499551197,42164585,0.29919,88.50940843,buy
1499551194,42164580,0.29919,1.1980827,buy
1499551194,42164578,0.29919,46.37878236,buy
1499551194,42164574,0.29919,9.18530073,buy
1499551194,42164572,0.29919,70.42063893,buy
1499551194,42164569,0.29919,0.15627165,buy
1499551191,42164564,0.29919,90.7718517,buy
1499551191,42164563,0.29919,90.77185205,buy
1499551178,42164553,0.29919,12.0,buy
1499551176,42164550,0.29919,106.98468678,buy
1499551145,42164518,0.29919,84.68521782,buy
1499551139,42164510,0.29919,83.4936605,buy
1499551137,42164506,0.29919,107.21623303,buy
1499551136,42164502,0.29919,47.241266,buy
1499551134,42164497,0.29919,33.3699938,buy
1499551131,42164494,0.2992,0.4240272,sell
1499551042,42164377,0.29999,113.0,buy
1499550887,42164279,0.29999,135.2395299,buy
1499550886,42164276,0.29921,251.75910905,sell
1499550886,42164275,0.29921,248.24089095,sell
1499550875,42164254,0.2992,72646.0,sell
1499550875,42164253,0.29926,500.0,sell
1499550875,42164252,0.29926,300.0,sell
1499550821,42164181,0.29999,300.0,buy
1499550793,42164139,0.29999,500.0,buy
1499550788,42164128,0.3,0.63939892,sell
1499550775,42164108,0.3,31755.0,sell
1499550677,42163906,0.3,1.31746806,sell
1499550676,42163890,0.3,107.34247645,sell
1499550676,42163888,0.3,3.02027333,sell
1499550676,42163885,0.3,177.52495441,sell
1499550676,42163883,0.3,22.15542883,sell
1499550676,42163882,0.30001,1.0,sell
1499550541,42163736,0.30113,1.0,buy
1499550522,42163727,0.30127,1.0,buy
1499550495,42163706,0.30143,249.5,buy
1499550438,42163631,0.2992,27353.5759728,sell
1499550438,42163630,0.29928,148.37693621,sell
1499550438,42163629,0.29929,3561.43709099,sell
1499550437,42163621,0.29929,438.56290901,sell
1499550437,42163620,0.2993,261.43709099,sell
1499550436,42163615,0.30058,0.04475538,sell
1499550436,42163614,0.30058,699.95524462,sell
1499550340,42163489,0.30054,1.0,buy
1499550330,42163478,0.30057,1.0,buy
1499550232,42163380,0.30115,1.0,buy
1499550206,42163352,0.30117,300.0,buy
1499550163,42163304,0.3016,1.0,buy
1499550144,42163297,0.3013,1.0,buy
1499550010,42163174,0.30085,81.69610102,buy
1499549996,42163155,0.30075,5.79463964,buy
1499549995,42163140,0.3007,336.63481132,buy
1499549994,42163127,0.3007,336.63481132,buy
1499549994,42163122,0.3007,688.05751289,buy
1499549994,42163121,0.29925,95.72629807,buy
1499549994,42163120,0.29925,133.56239395,buy
1499549968,42163091,0.30085,47.63645898,buy
1499549968,42163090,0.3008,112.5342,buy
1499549968,42163089,0.30001,110.540649,buy
1499549968,42163088,0.29935,133.56239395,buy
1499549968,42163087,0.29928,95.72629807,buy
1499549914,42163058,0.29995,1.0,buy
1499549911,42163056,0.29996,1.0,buy
1499549906,42163051,0.29995,1.0,buy
1499549904,42163050,0.29998,1.0,buy
1499549898,42163044,0.29997,1.0,sell
1499549894,42163036,0.3,332.49846993,sell
1499549893,42163035,0.3,102.32470557,sell
1499549893,42163029,0.3,147.10004451,sell
1499549891,42163026,0.3,445.13924381,buy
1499549891,42163025,0.3,793.09139169,buy
1499549834,42162987,0.29969,10.43027162,buy
1499549787,42162942,0.29999,199.24154002,buy
1499549692,42162844,0.29996,10.0,buy
1499549684,42162837,0.29681,20.91187961,sell
1499549684,42162836,0.29681,4.08812139,sell
1499549682,42162834,0.29998,10.0,buy
1499549679,42162825,0.29998,2.77805272,buy
1499549677,42162823,0.29998,10.0,buy
1499549672,42162816,0.29642,4.08812139,sell
1499549672,42162815,0.29642,31.34215123,sell
1499549672,42162814,0.29642,280.573,sell
1499549671,42162808,0.2965,281.18163556,sell
1499549671,42162807,0.2965,5368.67850544,sell
1499549670,42162804,0.2965,1474.4586798,sell
1499549670,42162803,0.2965,1490.45616376,sell
1499549670,42162801,0.2965,512.006651,sell
1499549637,42162731,0.3,13.20283081,buy
1499549637,42162730,0.3,13.20283081,buy
1499549635,42162726,0.3,13.20283081,buy
1499549635,42162725,0.3,122.27369571,buy
1499549630,42162717,0.29949,13.20283081,sell
1499549629,42162714,0.29999,7.8373766,buy
1499549625,42162700,0.29947,13.20283081,buy
1499549623,42162687,0.29947,24.11797512,sell
1499549588,42162639,0.29999,104.31673424,buy
1499549563,42162592,0.3,10.0,buy
1499549532,42162537,0.29923,7.8594303,sell
1499549532,42162536,0.29923,46.44334285,sell
1499549532,42162535,0.29923,21.04020741,sell
1499549532,42162534,0.29923,0.4725253,sell
1499549529,42162529,0.29996,30.44115375,buy
1499549529,42162528,0.29995,2.48156777,buy
1499549529,42162527,0.29995,4.29428268,buy
1499549529,42162526,0.29995,69.03965541,buy
1499549528,42162524,0.29996,6.85133616,buy
1499549528,42162522,0.29996,34.16382427,buy
1499549528,42162521,0.29996,41.39749187,buy
1499549527,42162519,0.29996,10.44403047,buy
1499549522,42162505,0.29996,10.18984075,buy
1499549520,42162493,0.29921,27.20623015,buy
1499549520,42162492,0.29921,4.44226183,buy
1499549520,42162491,0.29921,0.12295459,buy
1499549520,42162490,0.29921,44.04405929,buy
1499549519,42162488,0.29921,10.18984075,sell
1499549514,42162462,0.29921,8.47384139,buy
1499549514,42162460,0.29921,0.67378236,buy
1499549513,42162456,0.29921,3.10863421,buy
1499549513,42162452,0.2992,5.16532676,buy
1499549513,42162451,0.2992,62.89598592,buy
1499549513,42162449,0.29921,22.63545875,buy
1499549512,42162446,0.29921,11.49279247,buy
1499549512,42162445,0.29921,0.19553355,buy
1499549512,42162444,0.29921,1.14488334,buy
1499549512,42162443,0.2992,257.20662566,buy
1499549512,42162442,0.2992,1.49903415,buy
1499549512,42162441,0.29921,15.99175401,buy
1499549512,42162440,0.29921,30.76250792,buy
1499549301,42162273,0.2989,100.0,buy
1499549281,42162241,0.29879,99.038386,buy
1499549281,42162240,0.29879,0.961614,buy
1499548917,42161649,0.2974,114.4124,buy
1499548917,42161648,0.29739,796.5876,buy
1499548871,42161577,0.29859,487.91150486,buy
1499548871,42161576,0.29859,12.08849514,buy
1499548857,42161546,0.29919,123.20282639,buy
1499548857,42161545,0.29845,80.751442,buy
1499548857,42161544,0.29772,69.018327,buy
1499548857,42161543,0.29769,186.79333696,buy
1499548857,42161537,0.29769,3.09680304,buy
1499548855,42161507,0.29769,441.53380073,buy
1499548854,42161503,0.2977,53.74168536,buy
1499548854,42161490,0.2977,0.11925911,buy
1499548854,42161486,0.29771,7.00978502,buy
1499548854,42161484,0.2977,0.9143198,buy
1499548851,42161453,0.29771,69.011425,buy
1499548851,42161452,0.2977,449.42054789,buy
1499548851,42161451,0.2971,448.90324926,buy
1499548702,42161316,0.29771,10.0,buy
1499548681,42161298,0.2891,1116.48006097,sell
1499548681,42161297,0.2914,0.10584,sell
1499548681,42161296,0.2914,45.18442824,sell
1499548681,42161295,0.293,1650.0,sell
1499548681,42161294,0.295,2000.0,sell
1499548681,42161293,0.29501,4000.0,sell
1499548681,42161292,0.297,443.03994374,sell
1499548681,42161291,0.297,165.18972705,sell
1499548427,42161057,0.29703,58.990023,buy
1499548427,42161056,0.29636,50.418823,buy
1499548427,42161055,0.29589,100.0,buy
1499548427,42161054,0.29572,43.093011,buy
1499548427,42161053,0.2951,36.831633,buy
1499548426,42161040,0.295,167.22925305,sell
1499548425,42161037,0.295,374.67752792,sell
1499548425,42161035,0.29491,4310.367,buy
1499548422,42161027,0.295,38087.79560832,buy
1499548422,42161026,0.29497,1264.28139168,buy
1499548422,42161025,0.29496,5320.982,buy
1499548422,42161024,0.29495,5326.941,buy
1499548418,42161018,0.295,48052.44793394,buy
1499548418,42161017,0.295,1947.55206606,buy
1499548417,42161009,0.295,50000.0,buy
1499548416,42161008,0.295,48052.44793394,buy
1499548416,42161007,0.295,1947.55206606,buy
1499548415,42160999,0.295,13052.44793394,buy
1499548415,42160998,0.295,15000.0,buy
1499548415,42160997,0.295,13536.75203706,buy
1499548415,42160996,0.29499,300.0,buy
1499548415,42160995,0.29451,31.480029,buy
1499548415,42160994,0.2945,5000.0,buy
1499548415,42160993,0.29448,632.526,buy
1499548415,42160992,0.29447,624.836,buy
1499548415,42160991,0.29446,606.251,buy
1499548415,42160990,0.29445,604.97,buy
1499548415,42160989,0.29444,610.737,buy
1499548397,42160949,0.29393,26.906007,buy
1499548371,42160903,0.293,48706.64986191,buy
1499548371,42160902,0.293,800.0,buy
1499548371,42160901,0.29297,0.774952,buy
1499548371,42160900,0.29287,492.57518609,buy
1499548363,42160887,0.2914,400.0,sell
1499548306,42160829,0.29295,2712.79609143,buy
1499548306,42160826,0.29295,1555.90390857,buy
1499548306,42160825,0.29294,0.00000535,buy
1499548306,42160824,0.29294,486.40819821,buy
1499548265,42160744,0.29287,361.712841,buy
1499548252,42160724,0.29359,1.0,buy
1499548173,42160573,0.2936,1700.0,buy
1499548127,42160526,0.2934,105.0,buy
1499548076,42160478,0.29352,30.0,buy
1499548015,42160393,0.28961,268.7,sell
1499548015,42160392,0.2897,8581.3,sell
1499547956,42160323,0.293,29.87548811,sell
1499547948,42160315,0.2934,7.003413,sell
1499547931,42160293,0.29338,22.996587,buy
1499547914,42160284,0.29284,0.12451189,buy
1499547908,42160278,0.29284,9.43069111,buy
1499547908,42160277,0.2921,20.56930889,buy
1499547771,42160180,0.29284,0.1,buy
1499547764,42160173,0.29284,10.0,buy
1499547754,42160168,0.29232,0.018841,buy
1499547753,42160167,0.29232,3.9,buy
1499547747,42160164,0.29232,12.880478,buy
1499547747,42160163,0.29182,14.358392,buy
1499547747,42160162,0.29133,12.27213,buy
1499547747,42160161,0.29085,10.489,buy
1499547718,42160143,0.2894,489.55360624,sell
1499547700,42160131,0.2891,684.49840749,buy
1499547700,42160130,0.2891,0.04818904,buy
1499547695,42160116,0.2891,611.88402574,buy
1499547694,42160114,0.2892,72.56619271,sell
1499547694,42160113,0.2892,684.49840749,sell
1499547693,42160112,0.2892,684.49840749,sell
1499547693,42160111,0.29,50.0,buy
1499547693,42160110,0.2892,684.49840749,sell
1499547692,42160109,0.2892,684.49840749,sell
1499547692,42160108,0.2892,684.49840749,sell
1499547691,42160107,0.29,4.63,buy
1499547691,42160106,0.2892,217.49691141,sell
1499547691,42160105,0.28921,467.00149608,sell
1499547691,42160104,0.2892,684.49840749,sell
1499547690,42160103,0.2892,684.49840749,sell
1499547690,42160102,0.2892,576.45441349,sell
1499547690,42160101,0.28921,108.043994,sell
1499547688,42160099,0.29,145.73227035,buy
1499547688,42160093,0.2892,684.49840749,sell
1499547688,42160091,0.2892,684.49840749,sell
1499547687,42160089,0.29,145.26908292,buy
1499547687,42160087,0.2892,684.49840749,sell
1499547686,42160086,0.2892,684.49840749,sell
1499547684,42160084,0.29,208.04891374,buy
1499547684,42160083,0.29,476.44949375,buy
1499547684,42160082,0.29,208.04891374,buy
1499547683,42160078,0.29,208.04891374,buy
1499547682,42160075,0.29,476.44949375,sell
1499547682,42160072,0.29,0.00491974,buy
1499547682,42160069,0.29,476.44949375,buy
1499547681,42160064,0.29,208.043994,sell
1499547680,42160060,0.29,323.1596316,sell
1499547680,42160059,0.29,376.8403684,sell
1499547680,42160058,0.29,100.00435165,sell
1499547680,42160057,0.29,584.49405584,sell
1499547679,42160054,0.29,584.49840749,buy
1499547679,42160049,0.29001,100.0,sell
1499547678,42160048,0.29,60.37130841,sell
1499547678,42160047,0.29,208.03911108,sell
1499547678,42160046,0.29,208.043994,sell
1499547678,42160045,0.29001,208.043994,sell
1499547678,42160044,0.29479,208.8527454,buy
1499547677,42160039,0.29,208.04399399,buy
1499547677,42160037,0.29001,476.45441349,sell
1499547675,42160034,0.2947,20.0,buy
1499547665,42160013,0.291,249.9122258,buy
1499547665,42160012,0.29,1262.59680594,buy
1499547665,42160011,0.29,249.912226,buy
1499547664,42160003,0.29,300.0,sell
1499547664,42160002,0.29,1.0,sell
1499547664,42160001,0.29,5000.0,sell
1499547664,42160000,0.29,160.0,sell
1499547662,42159999,0.29,30.0,sell
1499547662,42159998,0.29001,2068.6873,sell
1499547662,42159997,0.291,130.0,sell
1499547662,42159996,0.292,4509.29179909,sell
1499547662,42159995,0.29201,623.61679895,sell
1499547662,42159994,0.29286,588.892233,sell
1499547662,42159993,0.29287,300.0,sell
1499547662,42159992,0.29323,0.855774,sell
1499547662,42159991,0.29323,22.0,sell
1499547654,42159989,0.29499,10.0,buy
1499547602,42159945,0.29499,98.043994,buy
1499547541,42159837,0.29401,7559.244,sell
1499547541,42159836,0.29401,3376.38320105,sell
1499547540,42159834,0.295,1000.0,buy
1499547515,42159801,0.295,463.24796294,buy
1499547515,42159800,0.295,6945.564272,buy
1499547515,42159799,0.29499,623.61679895,buy
1499547453,42159754,0.29499,9.0,buy
1499547449,42159751,0.29499,100.0,buy
1499547395,42159687,0.29499,1312.94747305,buy
1499547395,42159686,0.29499,658.83999695,buy
1499547362,42159657,0.29499,67.7268,buy
1499547347,42159643,0.29499,2.74,buy
1499547346,42159641,0.29499,25.12893105,buy
1499547345,42159634,0.29499,100.0,buy
1499547325,42159613,0.295,1500.0,sell
1499547325,42159612,0.295,50.0,sell
1499547325,42159611,0.295,4550.0,sell
1499547325,42159610,0.29501,1954.435728,sell
1499547320,42159601,0.29599,100.0,buy
1499547303,42159580,0.29599,1000.0,buy
1499547275,42159558,0.296,1923.562176,buy
1499547274,42159557,0.296,5732.86440045,buy
1499547274,42159548,0.296,1749.99766919,buy
1499547271,42159541,0.297,2493.8130122,buy
1499547271,42159540,0.297,1219.1379878,buy
1499547271,42159539,0.29699,1954.435728,buy
1499547270,42159533,0.296,0.04718187,buy
1499547270,42159531,0.296,5667.33954613,buy
1499547270,42159529,0.29628,7287.049,sell
1499547270,42159528,0.29628,2005.0,sell
1499547270,42159527,0.29628,40.564272,sell
1499547240,42159505,0.29699,2005.0,buy
1499547227,42159491,0.297,387.38773435,buy
1499547226,42159481,0.297,5860.80923557,buy
1499547225,42159479,0.297,10.0,buy
1499547203,42159451,0.297,300.0,sell
1499547203,42159450,0.297,8.0,sell
1499547203,42159449,0.2977,7112.66504228,sell
1499547203,42159448,0.29771,100.0,sell
1499547203,42159447,0.29771,1.0,sell
1499547203,42159446,0.29771,1.0,sell
1499547183,42159434,0.298,400.0,buy
1499547174,42159423,0.298,60.0,buy
1499547149,42159412,0.298,100.0,buy
1499547136,42159408,0.29899,40.564272,buy
1499547124,42159400,0.29999,100.0,buy
1499547111,42159395,0.29999,1.0,buy
1499547106,42159388,0.2977,1667.05719604,sell
1499547106,42159387,0.2979,2333.75594878,sell
1499547102,42159381,0.29999,1.0,buy
1499547069,42159369,0.2979,1000.0,sell
1499547062,42159357,0.3,35.02642017,buy
1499547010,42159324,0.3028,652.4044,sell
1499547009,42159323,0.3028,2500.0,sell
1499547009,42159322,0.3028,2500.0,sell
1499547006,42159319,0.3028,2500.0,sell
1499547003,42159318,0.3028,490.0,buy
1499547003,42159317,0.30259,1857.5956,buy
1499546828,42159188,0.303,1.0,buy
1499546753,42159142,0.2978,833.77173133,sell
1499546723,42159132,0.2977,1220.27776168,sell
1499546723,42159131,0.29793,389.88316832,sell
1499546723,42159130,0.29794,389.83907,sell
1499546684,42159118,0.303,1.0,buy
1499546682,42159117,0.303,1.0,buy
1499546680,42159115,0.303,1.0,buy
1499546678,42159114,0.303,1.0,buy
1499546676,42159113,0.303,1.0,buy
1499546673,42159108,0.303,1.0,buy
1499546652,42159103,0.303,100.0,buy
1499546637,42159101,0.30269,100.0,buy
1499546586,42159079,0.3,100.0,buy
1499546562,42159067,0.298,6690.80028392,sell
1499546562,42159066,0.298,1386.36805008,sell
1499546562,42159065,0.298,613.63194992,sell
1499546562,42159064,0.299,400.0,sell
1499546562,42159063,0.29941,386.36805008,sell
1499546539,42159054,0.3,100.0,buy
1499546527,42159049,0.3,3341.41546614,sell
1499546491,42159025,0.303,100.0,buy
1499546463,42159014,0.3034,60.0,buy
1499546455,42159004,0.30279,1.0,buy
1499546435,42158990,0.3037,1.0,buy
1499546430,42158984,0.3,658.58453386,sell
1499546430,42158983,0.3,4000.0,sell
1499546430,42158982,0.30001,2000.72903977,sell
1499546430,42158981,0.30054,363.31742637,sell
1499546253,42158748,0.30399,1068.0,buy
1499546036,42158595,0.30389,1.0,buy
1499545791,42158386,0.30389,83.45065789,buy
1499545784,42158382,0.30389,1.0,buy
1499545783,42158381,0.30091,200.0,sell
1499545777,42158380,0.3005,200.0,sell
1499545757,42158371,0.30389,1.0,buy
1499545754,42158369,0.30255,200.0,sell
1499545749,42158365,0.30254,116.85843532,sell
1499545749,42158364,0.30254,83.14156468,sell
1499545738,42158351,0.30254,200.0,sell
1499545679,42158318,0.30231,329.0,sell
1499545679,42158317,0.3024,2.0,sell
1499545618,42158290,0.30389,384.36149,buy
1499545398,42158173,0.30377,1.0,buy
1499545364,42158159,0.3035,341.29539721,buy
1499545339,42158149,0.30377,1.0,buy
1499545270,42158105,0.30389,0.3215719,buy
1499545153,42157981,0.30389,1.0,buy
1499544988,42157885,0.30389,1.0,buy
1499544933,42157801,0.303,836.45641342,buy
1499544893,42157775,0.303,97.75785621,buy
1499544869,42157768,0.30389,1061.75859312,buy
1499544852,42157761,0.30389,1.0,buy
1499544756,42157710,0.30389,552.09401372,buy
1499544753,42157706,0.30389,165.0,buy
1499544560,42157554,0.30389,50.0,buy
1499544389,42157422,0.3039,50.0,buy
1499544376,42157411,0.3039,1.0,buy
1499543814,42157024,0.3039,1.0,buy
1499543763,42156985,0.302,173.3298,sell
1499543720,42156960,0.3039,100.0,buy
1499543719,42156958,0.3039,100.0,buy
1499543718,42156957,0.3039,100.0,buy
1499543717,42156956,0.3039,100.0,buy
1499543716,42156955,0.3039,100.0,buy
1499543716,42156952,0.3039,100.0,buy
1499543715,42156951,0.3039,100.0,buy
1499543715,42156950,0.3039,100.0,buy
1499543714,42156949,0.3039,100.0,buy
1499543713,42156947,0.3039,100.0,buy
1499543712,42156945,0.3039,100.0,buy
1499543711,42156944,0.3039,100.0,buy
1499543711,42156942,0.3039,100.0,buy
1499543708,42156940,0.3039,100.0,buy
1499543540,42156762,0.30397,98.60308914,buy
1499543519,42156750,0.30402,50.0,buy
1499543501,42156739,0.30417,1.0,buy
1499543462,42156715,0.30421,1.0,buy
1499543460,42156714,0.30421,10.0,buy
1499543446,42156712,0.30422,1.0,buy
1499543371,42156643,0.30449,1000.0,buy
1499543350,42156626,0.30445,1.0,buy
1499543310,42156598,0.30449,139.25184264,buy
1499543293,42156588,0.3046,1.0,sell
1499543289,42156579,0.30464,1.0,buy
1499543237,42156528,0.30242,928.36377785,sell
1499543225,42156501,0.3049,2500.0,buy
1499543148,42156429,0.3049,1.0,buy
1499543128,42156393,0.30221,923.229,sell
1499543128,42156392,0.3048,1.0,sell
1499543128,42156391,0.3049,5865.71132481,buy
1499543120,42156381,0.3049,5865.71132481,buy
1499543015,42156275,0.30491,0.00433632,sell
1499542986,42156253,0.30491,1327.83416903,sell
1499542943,42156214,0.30181,26.0,sell
1499542943,42156213,0.3048,1.0,sell
1499542931,42156191,0.30492,400.0,buy
1499542880,42156125,0.3049,480.0,buy
1499542866,42156077,0.3049,250.0,buy
1499542829,42156020,0.30389,75.0,sell
1499542810,42155999,0.30494,1500.0,buy
1499542789,42155939,0.3052,0.01,sell
1499542779,42155929,0.30535,3800.0,buy
1499542779,42155928,0.3052,0.33,buy
1499542779,42155927,0.3052,0.33,buy
1499542779,42155926,0.3052,0.33,buy
1499542741,42155896,0.30482,2280.26616803,buy
1499542705,42155864,0.3045,49.0,buy
1499542674,42155852,0.3045,1.0,buy
1499542664,42155850,0.30481,1.0,buy
1499542655,42155847,0.30482,1.0,buy
1499542605,42155818,0.3049,7722.0,buy
1499542599,42155817,0.3046,1.0,buy
1499542572,42155789,0.30271,500.0,sell
1499542559,42155784,0.3046,0.863698,buy
1499542544,42155765,0.30414,0.136302,buy
1499542515,42155727,0.3039,1.0,buy
1499542468,42155669,0.30202,50.0,sell
1499542393,42155543,0.304,142.0,buy
1499542341,42155442,0.3016,50.0,sell
1499542318,42155427,0.3016,3836.74,sell
1499542311,42155426,0.3038,0.5,buy
1499542203,42155297,0.30102,0.303,sell
1499542134,42155224,0.30372,749.0,buy
1499542107,42155192,0.30372,0.5,buy
1499541952,42155016,0.302,1.0,buy
1499541947,42155010,0.302,1.0,buy
1499541942,42154998,0.302,1.0,buy
1499541937,42154994,0.302,1.0,buy
1499541932,42154986,0.302,1.0,buy
1499541924,42154972,0.302,1.0,buy
1499541918,42154963,0.3037,1.0,buy
1499541913,42154961,0.3038,1.0,buy
1499541891,42154941,0.30329,10.0,buy
1499541829,42154864,0.29921,0.5,sell
1499541821,42154854,0.29916,0.5,sell
1499541811,42154841,0.29913,0.5,sell
1499541806,42154835,0.2991,0.5,sell
1499541770,42154825,0.3038,54.56570016,buy
1499541737,42154783,0.3026,10.0,buy
1499541713,42154764,0.30045,50.0,sell
1499541694,42154723,0.2987,500.0,sell
1499541492,42154597,0.3019,50.0,buy
1499541459,42154586,0.3026,50.0,buy
1499541419,42154537,0.3045,50.0,buy
1499541121,42154297,0.30019,5.0,buy
1499541114,42154290,0.30028,5.0,buy
1499541112,42154287,0.30032,5.0,buy
1499541110,42154284,0.30034,5.0,buy
1499541108,42154280,0.30037,5.0,buy
1499541103,42154277,0.30042,5.0,buy
1499540959,42154096,0.3007,3100.0,buy
1499540937,42154059,0.3016,800.0,buy
1499540800,42153999,0.30057,2260.12066966,buy
1499540560,42153859,0.30054,262.0,buy
1499540404,42153711,0.30054,588.02810024,buy
1499540223,42153513,0.29796,1004.26473381,buy
1499540119,42153458,0.29761,1721.29171064,sell
1499540119,42153457,0.29761,148.47924959,sell
1499540109,42153449,0.29796,700.0,buy
1499540087,42153435,0.29796,140.0,buy
1499539912,42153324,0.29796,500.0,buy
1499539772,42153220,0.29799,445.05814093,buy
1499539771,42153211,0.29797,465.77825157,buy
1499539769,42153205,0.29797,81.39119461,buy
1499539769,42153203,0.29797,81.30980341,buy
1499539602,42153128,0.29751,480.0,sell
1499539531,42153087,0.2975,74.51683567,sell
1499539531,42153086,0.29751,145.48316433,sell
1499539387,42152959,0.29797,3851.52075041,buy
1499539310,42152915,0.29751,165.0,sell
1499539261,42152881,0.29751,825.51683567,sell
1499539220,42152846,0.2988,5000.0,buy
1499539214,42152843,0.29751,2864.0,sell
1499539203,42152840,0.2988,89.60579986,buy
1499539187,42152831,0.299,24055.37898823,buy
1499539185,42152830,0.29899,3999.86,sell
1499539171,42152813,0.29899,5944.62101177,buy
1499539159,42152802,0.2975,7000.0,sell
1499539128,42152788,0.2975,1002.65149835,sell
1499539128,42152787,0.2975,1.0,sell
1499539128,42152786,0.2976,13.25891728,sell
1499539128,42152785,0.29769,201.0,sell
1499539128,42152784,0.2988,322.08958437,sell
1499539125,42152775,0.2988,2289.580019,sell
1499539077,42152740,0.299,8850.0,sell
1499538914,42152554,0.29999,12.78203,buy
1499538082,42152009,0.29769,500.0,sell
1499538071,42152007,0.29769,300.0,sell
1499538071,42152006,0.2977,200.0,sell
1499538066,42151981,0.298,500.0,buy
1499538036,42151961,0.29769,500.0,sell
1499538016,42151955,0.29769,499.0,sell
1499538016,42151954,0.298,1.0,sell
1499537992,42151948,0.29834,100.69124559,buy
1499537991,42151942,0.29834,100.0,buy
1499537986,42151937,0.29834,564.65384265,buy
1499537985,42151928,0.29834,1435.91073514,buy
1499537985,42151927,0.29834,5293.93942991,buy
1499537985,42151926,0.29834,9689.7,buy
1499537985,42151925,0.29852,1957.40304177,sell
1499537985,42151924,0.29853,536.31995274,sell
1499537985,42151923,0.29861,1957.40304177,sell
1499537985,42151922,0.2987,9690.3,sell
1499537985,42151921,0.29871,1372.63234245,sell
1499537895,42151851,0.29877,2315.82469255,sell
1499537714,42151722,0.30099,9.28178394,buy
1499537714,42151721,0.30099,1.21066746,buy
1499537714,42151718,0.30099,1.07037346,buy
1499537714,42151715,0.30099,0.15791315,buy
1499537714,42151714,0.30099,8.20619671,buy
1499537714,42151713,0.30099,0.13961394,buy
1499537713,42151710,0.30099,62.91417469,buy
1499537713,42151706,0.30099,1.22920492,buy
1499537713,42151705,0.30099,9.42390451,buy
1499537713,42151704,0.30099,0.16033107,buy
1499537713,42151703,0.30099,72.24993448,buy
1499537712,42151693,0.30098,1393.710729,buy
1499537629,42151597,0.30098,1474.41556568,buy
1499537586,42151543,0.30099,1.0,buy
1499537579,42151540,0.30099,1.0,buy
1499537571,42151534,0.30099,1.0,buy
1499537564,42151524,0.30099,1.0,buy
1499537556,42151503,0.30099,1.0,buy
1499537553,42151502,0.30099,1.0,buy
1499537536,42151488,0.30099,1.0,buy
1499537525,42151476,0.30101,1.0,buy
1499537506,42151461,0.30102,1.0,buy
1499537448,42151428,0.30102,1.1,buy
1499537301,42151282,0.3006,29.48316433,sell
1499537260,42151240,0.30092,8.01156377,buy
1499537019,42151050,0.30058,5.0,buy
1499536845,42151001,0.30019,5.0,sell
1499536813,42150982,0.30015,30.0,buy
1499536801,42150969,0.30015,30.0,buy
1499536801,42150968,0.2978,948.60581992,sell
1499536789,42150946,0.30015,30.0,buy
1499536763,42150869,0.30018,30.0,buy
1499536739,42150833,0.2978,363.35109258,sell
1499536715,42150802,0.30019,20.0,buy
1499536702,42150786,0.3002,20.0,buy
1499536678,42150772,0.30021,20.0,buy
1499536662,42150764,0.30022,20.0,buy
1499536647,42150748,0.30021,100.0,buy
1499536642,42150741,0.30021,31.50319486,buy
1499536582,42150657,0.30021,100.0,buy
1499536580,42150653,0.30022,1069.18318271,buy
1499536580,42150652,0.30021,531.31780799,buy
1499536539,42150606,0.30021,100.0,buy
1499536513,42150590,0.30021,100.0,buy
1499536492,42150576,0.3002,90.1,sell
1499536422,42150239,0.30022,100.0,buy
1499536410,42150197,0.3002,9.9,sell
1499536379,42150137,0.30028,100.0,buy
1499536356,42150102,0.30029,100.0,buy
1499536340,42150063,0.30043,100.0,buy
1499536325,42150052,0.30063,50.0,buy
1499536317,42150039,0.3007,50.0,buy
1499536299,42150017,0.3012,50.0,buy
1499536280,42149976,0.30209,50.0,buy
1499536273,42149961,0.3025,50.0,buy
1499536265,42149938,0.30309,50.0,buy
1499536256,42149929,0.30349,50.0,buy
1499536249,42149923,0.3037,50.0,buy
1499536223,42149897,0.3052,50.0,buy
1499536211,42149884,0.3,416.10114,buy
1499536211,42149883,0.3,250.0,buy
1499536207,42149872,0.3,50.0,buy
1499536097,42149689,0.301,28.34189008,sell
1499536096,42149666,0.301,171.65810992,sell
1499536096,42149665,0.301,200.0,sell
1499536096,42149664,0.30128,416.10114,sell
1499536096,42149663,0.30129,416.14275008,sell
1499536057,42149589,0.30301,326.0,buy
1499536011,42149523,0.30301,200.0,buy
1499536007,42149516,0.30301,499.95,sell
1499535960,42149445,0.306,10.0,buy
1499535956,42149438,0.306,100.0,buy
1499535954,42149432,0.301,2000.0,sell
1499535938,42149412,0.306,1484.42714028,sell
1499535937,42149411,0.308,5.520812,buy
1499535937,42149410,0.30706,94.479188,buy
1499535919,42149373,0.3061,99.66872234,sell
1499535907,42149364,0.306,387.603454,buy
1499535889,42149349,0.3065,112.396546,sell
1499535886,42149341,0.3065,67.603454,buy
1499535886,42149340,0.306,500.0,buy
1499535820,42149293,0.3065,342.264548,buy
1499535820,42149292,0.306,500.0,buy
1499535781,42149273,0.306,500.0,sell
1499535769,42149267,0.306,950.0,buy
1499535766,42149266,0.306,50.0,buy
1499535687,42149211,0.3065,50.0,buy
1499535667,42149186,0.3065,240.131998,buy
1499535664,42149180,0.3065,300.0,buy
1499535664,42149179,0.30591,80.751442,buy
1499535664,42149178,0.30559,50.0,buy
1499535664,42149177,0.30512,27.0,buy
1499535664,42149176,0.305,362.21555984,buy
1499535663,42149173,0.305,240.89279016,buy
1499535657,42149164,0.305,396.89165,buy
1499535657,42149163,0.305,0.1,buy
1499535657,42149162,0.3048,69.018327,buy
1499535657,42149161,0.30375,58.990023,buy
1499535657,42149160,0.30318,475.0,buy
1499535654,42149157,0.3031,50.0,buy
1499535641,42149141,0.30318,4475.0,buy
1499535640,42149137,0.30318,50.0,buy
1499535633,42149133,0.3031,504.334783,buy
1499535633,42149132,0.303,4705.592217,buy
1499535633,42149131,0.3029,2302.655,buy
1499535625,42149118,0.3029,50.0,buy
1499535624,42149117,0.3029,4329.145,buy
1499535614,42149100,0.3029,3695.313104,buy
1499535609,42149087,0.303,294.407783,buy
1499535607,42149084,0.3028,3168.45,buy
1499535607,42149083,0.30273,50.418823,buy
1499535607,42149082,0.30176,43.093011,buy
1499535597,42149062,0.30136,48.80241373,buy
1499535597,42149061,0.3012,2.19758627,buy
1499535586,42149042,0.3012,51.0,buy
1499535574,42149031,0.301,4000.0,sell
1499535569,42149023,0.3008,2106.8,buy
1499535567,42149020,0.3008,51.0,buy
1499535517,42148995,0.3007,26.0,sell
1499535512,42148990,0.3007,257.64,buy
1499535472,42148944,0.3007,51.0,buy
1499535456,42148929,0.3007,51.0,buy
1499535345,42148754,0.30079,83.9,buy
1499535345,42148753,0.3,49.0,buy
1499535289,42148713,0.3,51.0,buy
1499535277,42148712,0.30079,57.17,buy
1499535253,42148700,0.30049,81.73,buy
1499535226,42148679,0.30069,116.87,buy
1499535212,42148671,0.3007,10.0,buy
1499535182,42148647,0.30099,100.0,buy
1499535172,42148636,0.3005,167.08,sell
1499535163,42148628,0.30119,46.807733,buy
1499535163,42148627,0.30119,53.192267,buy
1499535151,42148600,0.30039,10.0,buy
1499535141,42148591,0.30059,10.0,buy
1499535131,42148584,0.30089,10.0,buy
1499535118,42148568,0.3,238.68,buy
1499535097,42148548,0.3004,10.0,buy
1499535070,42148526,0.30059,20.0,buy
1499535062,42148519,0.30059,20.0,buy
1499535048,42148517,0.3006,100.0,buy
1499535033,42148504,0.3006,50.0,buy
1499535008,42148470,0.3012,39.905862,buy
1499535008,42148469,0.30119,93.094138,buy
1499534986,42148437,0.30117,1832.781478,buy
1499534986,42148436,0.3011,4360.17241379,buy
1499534985,42148435,0.3011,111.0,buy
1499534970,42148407,0.3011,100.0,buy
1499534953,42148384,0.3011,100.0,buy
1499534944,42148379,0.3,100.0,buy
1499534944,42148378,0.29999,83.244559,buy
1499534932,42148376,0.301,100.0,buy
1499534920,42148368,0.30109,66.61,buy
1499534902,42148366,0.301,100.0,buy
1499534889,42148353,0.3,33.39,buy
1499534887,42148352,0.3,66.61,buy
1499534887,42148351,0.3,100.0,buy
1499534862,42148316,0.30109,100.0,buy
1499534862,42148315,0.30001,100.0,sell
1499534857,42148311,0.3011,28.82758621,buy
1499534844,42148293,0.3011,100.0,buy
1499534826,42148277,0.3011,100.0,buy
1499534809,42148263,0.3011,100.0,buy
1499534808,42148262,0.301,1496.95987,sell
1499534803,42148253,0.301,994.56277,sell
1499534797,42148244,0.301,11309.78411842,sell
1499534797,42148237,0.301,4334.003879,sell
1499534797,42148236,0.301,11300.79976417,sell
1499534796,42148235,0.30082,36.831633,buy
1499534796,42148234,0.3006,4800.0,buy
1499534792,42148230,0.3006,100.0,buy
1499534778,42148216,0.3006,100.0,buy
1499534770,42148206,0.30001,0.608522,sell
1499534769,42148205,0.3,199.50038396,sell
1499534760,42148197,0.3,1000.0,buy
1499534760,42148196,0.3,899.29942739,buy
1499534760,42148195,0.29992,31.480029,buy
1499534760,42148194,0.29991,199.05629257,buy
1499534750,42148188,0.29906,71.17241379,buy
1499534746,42148186,0.29905,2276.09740359,sell
1499534735,42148139,0.29905,71.165297,buy
1499534735,42148138,0.29905,26.906007,buy
1499534735,42148137,0.299,4986.17241379,buy
1499534734,42148136,0.299,13.82758621,buy
1499534722,42148129,0.29883,49.24137931,buy
1499534713,42148123,0.2986,36.93103448,buy
1499534706,42148116,0.29813,100.0,sell
1499534705,42148111,0.29813,100.0,sell
1499534703,42148107,0.29813,100.0,sell
1499534702,42148106,0.29813,100.0,sell
1499534693,42148093,0.2949,105.81691056,sell
1499534693,42148092,0.2984,44.53697397,sell
1499534692,42148089,0.29836,27.8275862,buy
1499534679,42148075,0.2982,22.996587,buy
1499534679,42148074,0.29813,4.63885283,buy
1499534644,42148059,0.2979,100.0,buy
1499534629,42148045,0.298,100.0,buy
1499534620,42148028,0.29561,1000.0,sell
1499534615,42148024,0.2956,1000.0,sell
1499534607,42148018,0.2955,1000.0,sell
1499534600,42148012,0.29561,1000.0,sell
1499534421,42147784,0.294,2.0,buy
1499534271,42147401,0.294,37.39229747,sell
1499534227,42147291,0.29813,17.18873337,buy
1499534227,42147290,0.2979,18.93103448,buy
1499534227,42147289,0.29766,16.13793103,buy
1499534227,42147288,0.29743,13.65517241,buy
1499534227,42147287,0.29739,19.655203,buy
1499534227,42147286,0.2972,11.17241383,buy
1499534227,42147285,0.2966,16.799319,buy
1499534227,42147284,0.29584,14.358392,buy
1499534227,42147283,0.2951,12.27213,buy
1499534227,42147282,0.29438,10.489,buy
1499534036,42146940,0.29294,14.98,sell
1499533787,42146478,0.2929,13900.0,sell
1499533787,42146477,0.2929,5000.0,sell
1499533762,42146422,0.2924,3065.0,sell
1499533762,42146421,0.2924,5000.0,sell
1499533741,42146386,0.2921,200.0,sell
1499533741,42146385,0.2921,134.10779127,sell
1499533741,42146384,0.2934,27.0,sell
1499533741,42146383,0.29458,3.21574173,sell
1499533741,42146382,0.29458,413.556467,sell
1499533709,42146313,0.295,2005.25209152,buy
1499533579,42145814,0.295,11000.0,buy
1499533542,42145721,0.295,131.89614773,sell
1499533480,42145603,0.29521,209.2833115,buy
1499533480,42145600,0.29521,209.49785072,buy
1499533479,42145585,0.29521,7644.03403457,buy
1499533479,42145584,0.29521,715.73420588,buy
1499533479,42145581,0.295,66.10385227,sell
1499533478,42145580,0.29511,0.608522,sell
1499533478,42145579,0.2952,233.28762573,sell
1499533478,42145578,0.29521,262.89351,sell
1499533090,42144522,0.3035,1508.0,buy
1499533073,42144487,0.3,433.68694171,buy
1499533065,42144473,0.3,18050.38139,buy
1499533065,42144472,0.2999,6755.9,buy
1499533065,42144471,0.29989,193.71861,buy
1499533055,42144452,0.3,1515.93166829,buy
1499533055,42144451,0.3,80.13114606,buy
1499533055,42144450,0.29999,4000.0,buy
1499533055,42144449,0.2999,10053.9,buy
1499533055,42144448,0.29899,1082.0383,buy
1499533055,42144447,0.29899,966.04342,buy
1499533055,42144446,0.29898,546.85546565,buy
1499533055,42144445,0.2988,6755.1,buy
1499532748,42143694,0.30119,0.08319675,sell
1499532497,42143367,0.30119,883.5,sell
1499532463,42143319,0.30119,5579.68238325,sell
1499532453,42143308,0.30119,1000.0,sell
1499532446,42143301,0.3012,552.80594162,sell
1499532392,42143244,0.30119,4000.0,sell
1499532272,42143151,0.30119,1000.0,sell
1499532261,42143134,0.30119,1000.0,sell
1499532258,42143131,0.3,1000.0,buy
1499532258,42143130,0.29999,536.73442,buy
1499532246,42143122,0.298,1.99992092,buy
1499532231,42143115,0.2947,503.75988551,sell
1499532231,42143114,0.29641,2024.0208,sell
1499532193,42143070,0.298,0.00007908,sell
1499532036,42142897,0.298,0.00000929,sell
1499531999,42142861,0.3049,1380.829563,buy
1499531999,42142860,0.3049,9946.6,buy
1499531999,42142859,0.30471,69.018327,buy
1499531999,42142858,0.3047,5000.0,buy
1499531999,42142857,0.30289,10000.0,buy
1499531999,42142856,0.302,80.8,buy
1499531999,42142855,0.3,693.0,buy
1499531999,42142854,0.3,32572.91791,buy
1499531999,42142853,0.29999,256.8342,buy
1499531975,42142844,0.29999,245.520546,buy
1499531975,42142843,0.29999,162.664454,buy
1499531973,42142837,0.29999,299.354606,buy
1499531973,42142836,0.29961,0.645394,buy
1499531958,42142826,0.3,630.73613,buy
1499531958,42142825,0.29999,439.06887,buy
1499531948,42142803,0.3,305.81804,buy
1499531948,42142802,0.29979,503.64033,buy
1499531948,42142801,0.29963,259.52063,buy
1499531945,42142794,0.29965,405.12555544,buy
1499531945,42142793,0.29964,798.29,buy
1499531945,42142792,0.29963,796.689,buy
1499531790,42142615,0.298,224.99991163,sell
1499531752,42142579,0.2981,600.42385983,sell
1499531744,42142572,0.301,20.0,buy
1499531678,42142549,0.301,704.170233,sell
1499531666,42142542,0.2931,55.4559,sell
1499531666,42142541,0.2945,100.0,sell
1499531666,42142540,0.297,920.0,sell
1499531666,42142539,0.29701,1505.9441,sell
1499531666,42142538,0.3014,22418.6,sell
1499531662,42142536,0.3014,5532.0,sell
1499531653,42142531,0.3014,2500.0,sell
1499531653,42142530,0.3014,2500.0,sell
1499531633,42142523,0.3013,7049.4,buy
1499531622,42142510,0.3016,261.0,buy
1499531606,42142490,0.3047,1579.308135,buy
1499531606,42142489,0.30365,58.990023,buy
1499531606,42142488,0.30264,50.418823,buy
1499531606,42142487,0.30167,43.093011,buy
1499531606,42142486,0.301,610.572438,buy
1499531606,42142485,0.30099,366.61757,buy
1499531587,42142467,0.301,89.427562,buy
1499531587,42142466,0.30099,337.80366,buy
1499531587,42142465,0.30073,36.831633,buy
1499531587,42142464,0.3,0.1,buy
1499531587,42142463,0.29983,31.480029,buy
1499531587,42142462,0.29895,26.906007,buy
1499531587,42142461,0.29811,22.996587,buy
1499531587,42142460,0.2973,19.655203,buy
1499531587,42142459,0.29651,16.799319,buy
1499531571,42142422,0.29529,2352.524,buy
1499531547,42142388,0.294,1206.36018046,sell
1499531545,42142377,0.29535,2400.0,buy
1499531530,42142373,0.29541,640.0,buy
1499531491,42142341,0.2965,7368.88172129,buy
1499531491,42142340,0.29649,1219.2533,buy
1499531491,42142339,0.29649,792.55031,buy
1499531491,42142338,0.29639,723.82399,buy
1499531491,42142337,0.29575,14.358392,buy
1499531491,42142336,0.29499,900.0,buy
1499531491,42142335,0.2949,780.0,buy
1499531491,42142334,0.2948,4696.13228671,buy
1499531460,42142318,0.2948,51.86771329,buy
1499531458,42142315,0.2948,252.0,buy
1499531453,42142307,0.2945,7453.51,buy
1499531453,42142306,0.29449,855.21,buy
1499531453,42142305,0.29448,849.99,buy
1499531453,42142304,0.29447,841.29,buy
1499531426,42142283,0.2922,1296.14919434,sell
1499531401,42142271,0.2938,950.22627246,buy
1499531372,42142253,0.2922,27.3,sell
1499531372,42142252,0.2922,3535.76,sell
1499531347,42142231,0.2923,5000.0,buy
1499531337,42142220,0.2922,200.0,sell
1499531305,42142199,0.2922,2592.19538838,sell
1499531284,42142176,0.2936,27.3,buy
1499531284,42142175,0.2936,99.554,buy
1499531191,42142100,0.2938,544.067,sell
1499531184,42142083,0.2922,246.93311904,sell
1499531142,42142050,0.2938,28.0,buy
1499531094,42142024,0.295,546.700827,buy
1499531094,42142023,0.295,12.27213,buy
1499531064,42142009,0.292,5396.01642008,sell
1499531064,42142008,0.2921,2500.0,sell
1499530992,42141930,0.29428,10.489,buy
1499530987,42141901,0.2925,2240.05303973,sell
1499530987,42141900,0.2929,2000.0,sell
1499530969,42141863,0.292,94.69178083,sell
1499530969,42141862,0.292,505.30821917,sell
1499530962,42141859,0.29251,492.01940781,sell
1499530962,42141858,0.2926,8253.6,sell
1499530947,42141848,0.29281,404.17479201,buy
1499530947,42141846,0.29281,25.16103435,buy
1499530946,42141833,0.29281,699.93,buy
1499530946,42141829,0.29281,5387.83825215,buy
1499530945,42141828,0.29291,2048.2059,sell
1499530895,42141786,0.29599,404.40440441,buy
1499530888,42141780,0.296,10274.5962162,buy
1499530888,42141779,0.296,2500.0,buy
1499530873,42141763,0.2921,2053.58172068,sell
1499530873,42141762,0.29259,150.0,sell
1499530873,42141761,0.29442,100.0,sell
1499530873,42141760,0.2952,494.41827932,sell
1499530873,42141759,0.2952,18508.05172068,sell
1499530873,42141758,0.29521,491.94827932,sell
1499530873,42141757,0.296,3000.0,sell
1499530868,42141750,0.29678,100.0,sell
1499530868,42141749,0.297,39.47596489,sell
1499530846,42141730,0.297,40.89912811,sell
1499530846,42141729,0.29844,59.10087189,sell
1499530846,42141728,0.29844,95.94876911,sell
1499530846,42141727,0.299,50.0,sell
1499530824,42141711,0.29999,0.00003731,sell
1499530821,42141708,0.29999,4.99996269,sell
1499530821,42141707,0.29999,425.61385664,sell
1499530818,42141699,0.302,0.010101,sell
1499530817,42141698,0.302,0.1,sell
1499530805,42141691,0.29999,0.35137283,sell
1499530803,42141689,0.302,0.110101,buy
1499530790,42141670,0.301,0.1,sell
1499530779,42141656,0.29999,32.0,sell
1499530777,42141651,0.29999,14554.93390501,sell
1499530774,42141644,0.29999,900.0,sell
1499530758,42141634,0.29999,2000.0,sell
1499530717,42141605,0.29999,2017.8577964,sell
1499530717,42141604,0.3,1958.0491216,sell
1499530717,42141603,0.301,10.0,sell
1499530565,42141376,0.3,569.74665173,sell
1499530565,42141375,0.3002,780.0,sell
1499530542,42141345,0.302,282.53771556,buy
1499530534,42141340,0.302,1600.0,buy
1499530453,42141266,0.302,297.0093543,buy
1499530425,42141236,0.302,14554.93390501,buy
1499530376,42141168,0.3029,100.0,sell
1499530374,42141167,0.3029,100.0,sell
1499530373,42141161,0.3029,100.0,sell
1499530372,42141160,0.3029,100.0,sell
1499530371,42141159,0.3029,100.0,sell
1499530370,42141158,0.3029,100.0,sell
1499530369,42141157,0.3029,100.0,sell
1499530367,42141156,0.3029,100.0,sell
1499530367,42141155,0.3029,100.0,sell
1499530367,42141154,0.3029,5000.0,sell
1499530358,42141144,0.3029,2000.0,buy
1499530315,42141097,0.3045,20.0,buy
1499530280,42141023,0.3068,249.10023044,buy
1499530280,42141021,0.3068,252.1148066,buy
1499530225,42140967,0.30799,767.843333,buy
1499530225,42140966,0.30718,31.480029,buy
1499530225,42140965,0.30629,26.906007,buy
1499530225,42140964,0.30543,22.996587,buy
1499530225,42140963,0.30459,19.655203,buy
1499530225,42140962,0.30378,16.799319,buy
1499530225,42140961,0.303,14.319522,buy
1499530215,42140951,0.303,0.03887,buy
1499530215,42140950,0.30224,12.27213,buy
1499530215,42140949,0.3015,10.489,buy
1499530178,42140891,0.3,5000.0,buy
1499530173,42140881,0.3,612.25064165,buy
1499530172,42140878,0.3,251.39610333,buy
1499530168,42140868,0.3,450.0,sell
1499530167,42140867,0.3,678.62933273,sell
1499530165,42140864,0.3,4321.37066727,sell
1499530165,42140863,0.3,15678.62933273,sell
1499530163,42140858,0.3001,457.82,sell
1499530162,42140857,0.3001,4910.995172,sell
1499530160,42140850,0.3,20000.0,sell
1499530159,42140847,0.3,14321.37066727,sell
1499530159,42140846,0.30001,5678.62933273,sell
1499530158,42140840,0.30001,10303.262,sell
1499530158,42140839,0.3001,7730.338,sell
1499530158,42140838,0.3001,1966.4,sell
1499530157,42140836,0.3001,20000.0,sell
1499530152,42140830,0.30001,4019.10866727,sell
1499530152,42140829,0.30006,100.0,sell
1499530152,42140828,0.3001,13354.6,sell
1499530152,42140827,0.30171,10.0,sell
1499530152,42140826,0.3021,2516.29133273,sell
1499530150,42140823,0.3021,19537.52799502,sell
1499530150,42140822,0.3031,462.47200498,sell
1499530149,42140821,0.3031,20000.0,sell
1499530148,42140819,0.3031,20000.0,sell
1499530148,42140817,0.3031,20000.0,sell
1499530146,42140812,0.304,850.04073,buy
1499530143,42140805,0.30452,50.0,sell
1499530139,42140802,0.30549,155.049639,sell
1499530137,42140797,0.306,1.82872516,buy
1499530137,42140796,0.306,264.47870774,buy
1499530137,42140795,0.306,2.06267718,buy
1499530137,42140793,0.306,15.81385843,buy
1499530136,42140788,0.306,0.26904483,buy
1499530136,42140787,0.306,346.21581001,buy
1499530121,42140775,0.309,1.83155161,buy
1499530121,42140771,0.309,14.0418957,buy
1499530121,42140770,0.309,1.69927004,buy
1499530105,42140750,0.311,456.6963114,buy
1499530105,42140749,0.31099,1929.0675,buy
1499530105,42140745,0.311,351.42392942,buy
1499530105,42140742,0.311,7.48151996,buy
1499530105,42140741,0.311,0.16776578,buy
1499530105,42140740,0.311,0.97585043,buy
1499530105,42140738,0.311,2735.472035,buy
1499530079,42140717,0.3113,1834.76159466,sell
1499530007,42140651,0.3121,401.36798207,buy
1499530007,42140648,0.3121,0.12728484,buy
1499530007,42140647,0.3121,398.96473309,buy
1499530007,42140646,0.3121,100.0,sell
1499529985,42140619,0.313,30471.44847391,sell
1499529985,42140618,0.31301,464.84607791,sell
1499529971,42140603,0.3136,9.0,sell
1499529954,42140581,0.3145,300.0,buy
1499529854,42140500,0.3136,2138.49433901,sell
1499529854,42140499,0.3136,30.0,sell
1499529842,42140486,0.31353,2206.29276545,buy
1499529826,42140475,0.31353,10994.84918298,buy
1499529820,42140474,0.3136,3500.0,sell
1499529818,42140473,0.3145,2000.0,buy
1499529796,42140457,0.3145,912.55274202,sell
1499529796,42140455,0.3145,5.96722898,sell
1499529795,42140454,0.31445,31.480029,buy
1499529795,42140453,0.31443,50.0,buy
1499529788,42140442,0.31353,404.78969435,sell
1499529787,42140437,0.31353,398.20789111,sell
1499529787,42140435,0.31353,400.0,sell
1499529782,42140433,0.31353,7459.3,sell
1499529782,42140432,0.31353,24.226107,buy
1499529762,42140413,0.31353,2.6799,buy
1499529663,42140345,0.313,1.49833518,sell
1499529663,42140344,0.313,1.65022965,sell
1499529663,42140342,0.313,0.99197584,sell
1499529653,42140321,0.313,1310.57843496,sell
1499529653,42140316,0.313,1.0869442,sell
1499529636,42140295,0.312,999.0,buy
1499529621,42140287,0.31,4183.37091746,sell
1499529621,42140286,0.31011,100.13027919,sell
1499529621,42140285,0.3102,8341.4,sell
1499529621,42140284,0.31021,13.06047121,sell
1499529621,42140283,0.31021,225.45674105,sell
1499529621,42140282,0.31021,1.70353974,sell
1499529621,42140281,0.31021,0.7294754,sell
1499529621,42140280,0.31021,43.32010499,sell
1499529621,42140279,0.31021,102.73199442,sell
1499529621,42140278,0.31021,0.10080705,sell
1499529621,42140277,0.31021,100.13027919,sell
1499529621,42140276,0.31021,42.87694376,sell
1499529621,42140275,0.31021,0.17223958,sell
1499529621,42140274,0.31021,98.76821051,sell
1499529621,42140273,0.31021,5.59264483,sell
1499529621,42140272,0.31021,0.22220081,sell
1499529621,42140271,0.31021,5.87983199,sell
1499529610,42140233,0.3051,4656.61232751,sell
1499529610,42140232,0.30621,5.87983199,sell
1499529610,42140231,0.30621,1.70353974,sell
1499529610,42140230,0.30621,0.17223958,sell
1499529610,42140229,0.30621,100.13027919,sell
1499529610,42140228,0.30621,0.22220081,sell
1499529610,42140227,0.30621,0.7294754,sell
1499529610,42140226,0.30621,42.87694376,sell
1499529610,42140225,0.30621,5.59264483,sell
1499529610,42140224,0.30621,13.06047121,sell
1499529610,42140223,0.30621,225.45674105,sell
1499529610,42140222,0.30631,1.32050346,sell
1499529610,42140221,0.30631,0.10080705,sell
1499529610,42140220,0.30631,102.73199442,sell
1499529606,42140173,0.3051,4767.20451783,sell
1499529606,42140172,0.306,1000.0,sell
1499529606,42140171,0.30601,1.70353974,sell
1499529606,42140170,0.30601,0.17223958,sell
1499529606,42140169,0.30601,0.7294754,sell
1499529606,42140168,0.30601,0.22220081,sell
1499529606,42140167,0.30601,100.13027919,sell
1499529606,42140166,0.30601,42.87694376,sell
1499529606,42140165,0.30601,5.59264483,sell
1499529606,42140164,0.30601,0.10080705,sell
1499529606,42140163,0.30601,43.32010499,sell
1499529606,42140162,0.3062,102.73199442,sell
1499529606,42140161,0.3062,98.76821051,sell
1499529606,42140160,0.3062,5.87983199,sell
1499529606,42140159,0.3062,13.06047121,sell
1499529606,42140158,0.3062,813.66557152,sell
1499529606,42140157,0.3062,391.99116717,sell
1499529604,42140105,0.3062,13776.59680591,buy
1499529604,42140104,0.3062,0.73701502,buy
1499529603,42140103,0.3062,5.65044849,buy
1499529603,42140100,0.3062,0.50312863,buy
1499529603,42140099,0.30622,1959.1797,sell
1499529603,42140098,0.30622,7388.15,sell
1499529603,42140097,0.30623,0.50312863,sell
1499529603,42140096,0.31015,112.94890195,sell
1499529597,42140081,0.3101,0.50312863,buy
1499529597,42140080,0.31014,81.90567337,sell
1499529590,42140061,0.31,1918.21921716,sell
1499529590,42140060,0.31001,81.78078284,sell
1499529581,42140057,0.313,27784.68014752,sell
1499529578,42140053,0.313,2500.0,sell
1499529577,42140052,0.313,2500.0,sell
1499529577,42140051,0.313,686.56,sell
1499529569,42140042,0.313,2500.0,sell
1499529567,42140041,0.313,2500.0,sell
1499529566,42140037,0.313,2500.0,sell
1499529562,42140008,0.313,1000.0,buy
1499529562,42140007,0.313,689.65985248,buy
1499529562,42140006,0.3129,7339.1,buy
1499529560,42140005,0.3128,5000.0,buy
1499529557,42140003,0.313,15612.72437938,sell
1499529557,42140001,0.313,130.53305867,sell
1499529557,42139999,0.313,130.53305867,sell
1499529556,42139997,0.313,130.53305867,sell
1499529556,42139992,0.313,94.1262212,sell
1499529555,42139989,0.313,99.99570627,sell
1499529555,42139983,0.313,103.938749,sell
1499529554,42139972,0.313,369.14269,sell
1499529554,42139967,0.313,141.563899,sell
1499529553,42139950,0.313,1.94077587,sell
1499529553,42139946,0.313,114.07449453,sell
1499529553,42139945,0.313,44.954742,sell
1499529553,42139933,0.313,28.54279513,sell
1499529552,42139914,0.313,503.22952108,sell
1499529552,42139908,0.313,3643.339314,sell
1499529550,42139886,0.313,2.98063088,sell
1499529550,42139885,0.313,170.6921362,sell
1499529550,42139881,0.313,94.42713579,sell
1499529550,42139875,0.313,171.19850384,sell
1499529550,42139874,0.313,4.73390047,sell
1499529550,42139871,0.313,2.98063088,sell
1499529550,42139870,0.313,172.17472836,sell
1499529550,42139866,0.313,11.06881749,sell
1499529550,42139865,0.313,84.86089472,sell
1499529549,42139861,0.313,9310.411615,sell
1499529549,42139858,0.313,18.35092825,sell
1499529549,42139851,0.313,5.49340298,sell
1499529549,42139844,0.313,4.73390047,sell
1499529549,42139839,0.313,0.95801559,sell
1499529549,42139838,0.313,68.94193864,sell
1499529549,42139837,0.313,8.99242849,sell
1499529549,42139835,0.313,7.34481247,sell
1499529549,42139821,0.313,11797.65129669,sell
1499529549,42139818,0.313,2.96998692,sell
1499529549,42139817,0.313,497.2369575,sell
1499529549,42139815,0.313,89.4338926,sell
1499529549,42139813,0.313,344.97906733,sell
1499529548,42139801,0.31265,22.996587,buy
1499529548,42139800,0.3118,19.655203,buy
1499529548,42139799,0.3115,1000.0,buy
1499529548,42139798,0.3115,100.0,buy
1499529548,42139797,0.3115,100.0,buy
1499529548,42139796,0.311,100.0,buy
1499529548,42139795,0.31097,16.799319,buy
1499529548,42139794,0.3099,1000.0,buy
1499529548,42139793,0.30989,165.27573,buy
1499529548,42139792,0.3066,8453.48507597,buy
1499529544,42139786,0.3066,447.13324624,sell
1499529544,42139785,0.30662,100.0,sell
1499529495,42139719,0.3055,0.00008431,sell
1499529474,42139704,0.30631,1552.03340429,sell
1499529474,42139703,0.30632,142.22042,sell
1499529474,42139702,0.3064,8542.9,sell
1499529474,42139701,0.30641,138.15017571,sell
1499529465,42139694,0.3078,21153.54887998,sell
1499529451,42139676,0.3078,249.71712,sell
1499529449,42139672,0.3078,14422.64448242,sell
1499529449,42139671,0.30781,417.15974293,sell
1499529449,42139670,0.3079,609.366,sell
1499529449,42139669,0.3079,12479.2,sell
1499529449,42139668,0.3079,8314.7,sell
1499529446,42139659,0.3079,604.827,sell
1499529361,42139561,0.3064,619.90618514,sell
1499529332,42139530,0.3095,5.85532407,buy
1499529330,42139521,0.3095,35.25370012,buy
1499529330,42139516,0.3095,11.02286991,buy
1499529330,42139514,0.3095,27.35702245,buy
1499529330,42139512,0.3095,9.76866132,buy
1499529325,42139497,0.3095,100.1001001,buy
1499529325,42139494,0.3095,100.1753861,buy
1499529266,42139399,0.30592,9.76715647,sell
1499529263,42139395,0.3059,7963.21025348,sell
1499529263,42139394,0.30591,356.08974652,sell
1499529259,42139367,0.31,711.139945,buy
1499529252,42139352,0.30541,168.93412092,sell
1499529252,42139351,0.30542,129.08777,sell
1499529252,42139350,0.3055,8394.1,sell
1499529251,42139349,0.31,1008.01146058,buy
1499529192,42139256,0.31,249.66371865,buy
1499529191,42139253,0.3099,249.66371865,buy
1499529185,42139243,0.31,4.17159945,buy
1499529182,42139241,0.309,4.17159945,buy
1499529181,42139239,0.309,355.82840055,sell
1499529181,42139238,0.309,140.0,sell
1499529130,42139193,0.3099,130.0,buy
1499529127,42139183,0.3099,30.03003003,buy
1499529082,42139166,0.3107,200.0,buy
1499529082,42139165,0.3107,100.0,buy
1499529071,42139148,0.31017,14.35839183,buy
1499529071,42139147,0.30939,12.27213,buy
1499529071,42139146,0.30864,10.489,buy
1499529071,42139145,0.30815,46.43417017,buy
1499529071,42139143,0.30863,33.63963183,buy
1499529071,42139142,0.30818,946.72786,buy
1499529071,42139141,0.30816,195.48787,buy
1499529071,42139140,0.30813,46.43417017,buy
1499529067,42139132,0.30817,91.29009331,buy
1499529067,42139131,0.30817,1735.745,buy
1499529067,42139130,0.30816,1763.018,buy
1499529067,42139129,0.30696,2659.02690669,buy
1499529066,42139128,0.30696,2000.0,buy
1499529035,42139095,0.30211,118.30699811,sell
1499529035,42139094,0.30212,90.168096,sell
1499529035,42139093,0.30212,143.208144,sell
1499529033,42139090,0.30696,9.2,buy
1499529024,42139088,0.3038,10.0,buy
1499529023,42139087,0.3038,8469.7,buy
1499529022,42139086,0.30381,317.42487293,sell
1499528959,42139000,0.30709,1600.0,buy
1499528937,42138957,0.3005,252.51162473,sell
1499528937,42138956,0.301,547.48837527,sell
1499528923,42138930,0.301,992.51162473,sell
1499528923,42138929,0.301,50.0,sell
1499528923,42138928,0.301,50.0,sell
1499528923,42138927,0.30285,1562.48837527,sell
1499528915,42138903,0.30285,104.82768736,sell
1499528907,42138889,0.30331,9035.5739568,buy
1499528894,42138866,0.30285,1000.0,sell
1499528892,42138856,0.30285,200.0,sell
1499528888,42138831,0.30331,104.39036941,buy
1499528887,42138830,0.30331,156.96626,buy
1499528885,42138818,0.30285,1350.75717137,sell
1499528885,42138817,0.30329,100.0,sell
1499528885,42138816,0.3033,133.59930092,sell
1499528882,42138804,0.30331,114.75202452,buy
1499528882,42138798,0.30331,465.98685557,buy
1499528882,42138795,0.30331,126.30399834,buy
1499528881,42138791,0.30331,254.38300593,buy
1499528880,42138784,0.30331,226.6188,buy
1499528880,42138783,0.30331,465.98269942,buy
1499528880,42138782,0.30331,465.52086871,buy
1499528879,42138781,0.30331,182.517264,sell
1499528867,42138755,0.30341,231.856312,sell
1499528862,42138743,0.3034,700.0,sell
1499528861,42138741,0.3033,14866.40069908,sell
1499528861,42138740,0.30341,133.59930092,sell
1499528861,42138739,0.3087,192.106352,buy
1499528860,42138737,0.3087,45.22504472,buy
1499528859,42138727,0.30879,12.69031816,buy
1499528859,42138726,0.30879,9.47579944,buy
1499528859,42138723,0.30879,72.64779572,buy
1499528859,42138720,0.30879,97.2924393,buy
1499528855,42138694,0.3089,184.14460667,buy
1499528855,42138693,0.3089,357.48387831,buy
1499528855,42138690,0.3089,356.3897141,buy
1499528855,42138688,0.3089,174.00982842,buy
1499528853,42138683,0.3089,267.26554809,buy
1499528852,42138680,0.3069,964.4260432,sell
1499528852,42138679,0.30816,100.0,sell
1499528852,42138678,0.30817,99.99,sell
1499528852,42138677,0.31,500.0,sell
1499528852,42138676,0.31001,282.89100772,sell
1499528852,42138675,0.31011,52.69294908,sell
1499528851,42138673,0.314,170.81146456,buy
1499528850,42138665,0.3149,440.79746579,buy
1499528850,42138663,0.3149,25.02502503,buy
1499528849,42138660,0.3149,0.90286276,buy
1499528849,42138657,0.3101,4375.31118,sell
1499528849,42138656,0.3149,165.88572063,buy
1499528849,42138655,0.3149,6.92194792,buy
1499528849,42138644,0.3149,5.40721726,buy
1499528849,42138640,0.3149,53.0682673,buy
1499528849,42138639,0.3149,21.07112523,buy
1499528849,42138638,0.3149,406.85671598,buy
1499528849,42138636,0.3149,2.02576036,buy
1499528849,42138635,0.3149,2.2824038,buy
1499528849,42138634,0.3149,134.15462375,buy
1499528849,42138633,0.31499,204.09145439,sell
1499528849,42138632,0.31499,243.14269299,sell
1499528849,42138631,0.315,13.95457748,buy
1499528849,42138629,0.315,85.08508509,buy
1499528848,42138628,0.315,374.19002689,buy
1499528848,42138626,0.315,17.49842919,buy
1499528848,42138625,0.315,1.82016228,buy
1499528848,42138624,0.315,489.97737186,buy
1499528848,42138623,0.315,806.81516358,buy
1499528848,42138613,0.31499,1231.27287269,buy
1499528848,42138611,0.31499,15.53082944,buy
1499528848,42138609,0.31499,119.06969238,buy
1499528848,42138605,0.31499,133.15864174,buy
1499528848,42138597,0.31499,47.50693909,buy
1499528848,42138595,0.31499,316.72099105,buy
1499528848,42138590,0.31499,41.31143361,buy
1499528847,42138585,0.315,183.27206736,buy
1499528847,42138583,0.315,7777.0,buy
1499528847,42138579,0.315,23.90505226,buy
1499528847,42138577,0.315,34239.11473266,buy
1499528846,42138576,0.315,49.32731961,buy
1499528846,42138575,0.315,795.84848197,buy
1499528846,42138573,0.315,378.17611702,buy
1499528845,42138561,0.315,7.6283276,buy
1499528845,42138559,0.315,15.6870852,buy
1499528845,42138550,0.315,4.05103592,buy
1499528845,42138545,0.315,378.17611701,buy
1499528845,42138543,0.315,31.05794197,buy
1499528845,42138542,0.315,15.72815615,buy
1499528845,42138541,0.315,374.18142574,buy
1499528845,42138540,0.315,53851.05663322,buy
1499528844,42138534,0.3151,843.0,sell
1499528844,42138533,0.31514,37.81078045,sell
1499528844,42138532,0.31591,188.16356228,sell
1499528843,42138524,0.3159,6775.47163833,buy
1499528843,42138522,0.3159,1474.41556568,buy
1499528843,42138520,0.3159,7061.516,sell
1499528843,42138519,0.31591,153.31279599,sell
1499528834,42138497,0.3154,847.993,sell
1499528834,42138496,0.3155,6905.976,sell
1499528834,42138495,0.3155,8420.6,sell
1499528817,42138377,0.3101,1856.8271575,sell
1499528817,42138376,0.311,9.5,sell
1499528817,42138375,0.31721,233.6728425,sell
1499528814,42138348,0.3111,38414.59281057,sell
1499528814,42138347,0.312,2000.0,sell
1499528814,42138346,0.3121,12731.7,sell
1499528814,42138345,0.31211,1922.2069,sell
1499528814,42138344,0.31494,2.16925949,sell
1499528814,42138343,0.31495,88.58119083,sell
1499528814,42138342,0.31495,1.4551618,sell
1499528814,42138341,0.31495,1.29428004,sell
1499528814,42138340,0.316,1787.97041177,sell
1499528814,42138339,0.3172,279.25258266,sell
1499528814,42138338,0.3172,4200.17427534,sell
1499528814,42138337,0.31721,179.60754497,sell
1499528814,42138336,0.3173,5000.0,sell
1499528801,42138251,0.31661,11.65125089,sell
1499528793,42138242,0.3162,4691.88469559,sell
1499528793,42138241,0.3162,5000.0,sell
1499528793,42138240,0.31742,133.11530441,sell
1499528784,42138226,0.31711,5.93836514,sell
1499528784,42138225,0.3173,8592.9,sell
1499528784,42138224,0.31731,277.12836422,sell
1499528710,42138025,0.3189,200.0,buy
1499528683,42137994,0.3176,46.9007866,sell
1499528673,42137970,0.3189,300.0,buy
1499528673,42137969,0.3174,15.90396521,sell
1499528661,42137949,0.3189,1099.3096179,buy
1499528660,42137946,0.317,10.0,buy
1499528549,42137778,0.3189,1028.073464,buy
1499528544,42137768,0.3189,1837.14981323,sell
1499528470,42137681,0.3189,8.948163,buy
1499528470,42137680,0.3189,0.00390739,buy
1499528452,42137640,0.3189,799.99609261,buy
1499528398,42137565,0.31943,1.0,buy
1499528397,42137563,0.31943,500.0,buy
1499528394,42137555,0.3167,800.0,sell
1499528388,42137545,0.31943,7.0,buy
1499528350,42137485,0.3163,350.0,sell
1499528346,42137479,0.3194,224.85823317,buy
1499528346,42137478,0.319,0.00444583,buy
1499528344,42137469,0.319,52.87654472,buy
1499528343,42137463,0.3194,1516.22882988,buy
1499528343,42137462,0.3189,0.00417012,buy
1499528314,42137364,0.3189,3273.56033241,buy
1499528253,42137249,0.31581,267.72807455,sell
1499528253,42137248,0.31581,5662.50299345,sell
1499528253,42137247,0.31581,112.97700655,sell
1499528246,42137242,0.31943,173.26820625,buy
1499528245,42137238,0.31943,6259.90606874,buy
1499528227,42137219,0.31943,346.19214532,buy
1499528217,42137206,0.31943,200.0,buy
1499528214,42137199,0.31943,345.69027508,buy
1499528201,42137180,0.3179,0.71865189,buy
1499528166,42137130,0.31943,1302.53173437,buy
1499528166,42137125,0.31943,5053.76895,buy
1499528165,42137112,0.31943,1467.05250937,buy
1499528165,42137111,0.31943,404.02068,buy
1499528163,42137108,0.31943,1584.35647229,buy
1499528163,42137106,0.31943,0.71865189,buy
1499528163,42137104,0.31943,1584.198,buy
1499528114,42136982,0.3151,200.0,sell
1499528114,42136981,0.3151,894.29091154,sell
1499528114,42136980,0.31511,0.70908846,sell
1499528110,42136969,0.315,200.0,sell
1499528109,42136968,0.3149,1027.52416764,sell
1499528109,42136967,0.31491,111.13697,sell
1499528109,42136966,0.3173,8750.2,sell
1499528109,42136965,0.31731,111.13886236,sell
1499528091,42136948,0.32,198.26,buy
1499528091,42136947,0.32,598.67,buy
1499528072,42136929,0.32,1000.0,sell
1499528072,42136928,0.32,2.83493106,sell
1499528072,42136927,0.32,963.98489912,sell
1499528057,42136919,0.32,389.5091806,sell
1499528057,42136918,0.32001,110.4908194,sell
1499528021,42136854,0.32,80000.0,sell
1499528020,42136853,0.3202,100.0,buy
1499528016,42136837,0.32,1938.94377915,sell
1499528016,42136836,0.32001,92.80132485,sell
1499527989,42136813,0.32,233.05221951,sell
1499527989,42136812,0.32018,66.94778049,sell
1499527947,42136766,0.32018,28.62274168,sell
1499527947,42136765,0.32018,104.76412683,sell
1499527915,42136722,0.3202,800.0,buy
1499527904,42136677,0.32018,1.52019177,sell
1499527904,42136673,0.32018,11.65480351,sell
1499527901,42136666,0.32018,463.414,buy
1499527901,42136665,0.32017,390.766311,buy
1499527875,42136633,0.32017,7.0,buy
1499527868,42136619,0.32018,70.0,buy
1499527866,42136617,0.32001,11.68661406,sell
1499527866,42136616,0.32017,0.04080194,sell
1499527864,42136606,0.32017,88.54595881,sell
1499527864,42136605,0.32017,192.41323925,sell
1499527855,42136592,0.32018,700.0,buy
1499527849,42136585,0.32017,19.0,buy
1499527848,42136582,0.32,12.17234144,sell
1499527847,42136580,0.32,5.41458124,sell
1499527816,42136535,0.32,7036.35562203,sell
1499527801,42136526,0.32,12.77050256,sell
1499527800,42136523,0.32,14.33251977,sell
1499527800,42136522,0.32,150.0,buy
1499527800,42136521,0.32,1025.88662183,buy
1499527800,42136520,0.32,5464.0,buy
1499527800,42136519,0.3191,29.501858,buy
1499527800,42136518,0.31867,12.77050256,buy
1499527800,42136517,0.31867,14.33251977,buy
1499527800,42136516,0.31867,1.66571772,buy
1499527800,42136515,0.31867,2.79090745,buy
1499527800,42136514,0.31867,1.92815475,buy
1499527800,42136513,0.31796,397.07631297,buy
1499527800,42136512,0.31796,12.77050256,buy
1499527789,42136500,0.3149,0.2,sell
1499527788,42136499,0.318,0.45,sell
1499527769,42136471,0.31906,173.18911403,buy
1499527742,42136383,0.32,47.60309317,sell
1499527742,42136381,0.32,35252.46244748,sell
1499527742,42136380,0.32,25.15847154,sell
1499527742,42136379,0.32,18.76786014,sell
1499527742,42136378,0.31987,3.28153977,buy
1499527742,42136377,0.31789,25.15847154,buy
1499527742,42136376,0.31789,18.76786014,buy
1499527742,42136375,0.31788,6944.861,buy
1499527742,42136374,0.3178,7382.6,buy
1499527742,42136373,0.3178,11073.9,buy
1499527734,42136356,0.31305,885.93211304,sell
1499527734,42136355,0.31306,2.16925949,sell
1499527734,42136354,0.31306,1.4551618,sell
1499527734,42136353,0.31306,1.29428004,sell
1499527734,42136352,0.31455,0.70908846,sell
1499527728,42136347,0.3183,2.40038735,buy
1499527726,42136346,0.31452,9.4,sell
1499527721,42136329,0.32,39.30133478,sell
1499527721,42136328,0.32,10.27037846,sell
1499527721,42136324,0.32,11203.3,sell
1499527721,42136322,0.32,753.907579,buy
1499527721,42136321,0.32,50.0,buy
1499527721,42136320,0.32,325.54496785,buy
1499527721,42136319,0.32,5000.0,buy
1499527721,42136318,0.32,500.0,buy
1499527721,42136317,0.32,1000.0,buy
1499527721,42136316,0.32,5000.0,buy
1499527721,42136315,0.32,39048.36763697,buy
1499527721,42136314,0.3198,166.93085208,buy
1499527721,42136313,0.31838,1998.0,buy
1499527721,42136312,0.31759,18.76786014,buy
1499527721,42136311,0.31584,791.07358,buy
1499527721,42136310,0.31584,6.02569541,buy
1499527721,42136306,0.31584,0.10251656,buy
1499527721,42136304,0.31584,5.5971464,buy
1499527721,42136303,0.31584,5.4363449,buy
1499527721,42136301,0.31584,0.78596027,buy
1499527721,42136298,0.31584,0.77750325,buy
1499527721,42136296,0.31584,0.10141346,buy
1499527721,42136295,0.31584,0.73006257,buy
1499527720,42136294,0.31584,0.78776547,buy
1499527720,42136293,0.31584,0.10275201,buy
1499527720,42136291,0.31584,6.03953524,buy
1499527720,42136288,0.31584,1.59097742,buy
1499527720,42136287,0.31584,0.2075188,buy
1499527720,42136282,0.31584,1.79451397,buy
1499527720,42136281,0.31584,0.23406704,buy
1499527720,42136279,0.31584,13.75794047,buy
1499527712,42136270,0.31584,1100.701308,buy
1499527695,42136259,0.31584,50.0,buy
1499527692,42136254,0.316,4178.57769746,sell
1499527692,42136253,0.31604,2327.43952573,sell
1499527692,42136252,0.3165,1508.13617557,sell
1499527683,42136245,0.3165,526.6252,sell
1499527651,42136203,0.31604,1672.56047427,sell
1499527637,42136183,0.3178,700.0,buy
1499527600,42136122,0.31838,2.0131253,buy
1499527600,42136116,0.31838,2.00594397,buy
1499527599,42136114,0.31838,1.92136182,buy
1499527599,42136098,0.31838,2.17017886,buy
1499527599,42136093,0.31839,2.16493819,buy
1499527599,42136082,0.31839,2.17026957,buy
1499527598,42136075,0.31839,2.00309988,buy
1499527598,42136067,0.31839,2.1692796,buy
1499527598,42136058,0.3184,2.26112243,buy
1499527571,42135942,0.317,817.48879547,buy
1499527521,42135787,0.3183,2.31119395,buy
1499527521,42135786,0.31829,8.84504653,buy
1499527520,42135785,0.31829,9.92281361,buy
1499527516,42135761,0.3183,3.85928321,buy
1499527516,42135760,0.3183,2.24348654,buy
1499527516,42135753,0.3183,18.18848036,buy
1499527516,42135752,0.3183,8.90870961,buy
1499527516,42135750,0.3183,2.37241048,buy
1499527515,42135744,0.3183,1.16200561,buy
1499527515,42135725,0.3182,4.82638559,buy
1499527514,42135712,0.3182,1.11142864,buy
1499527514,42135704,0.3182,3.9707034,buy
1499527514,42135701,0.3182,3.98126184,buy
1499527513,42135681,0.3182,214.68620169,buy
1499527512,42135665,0.31829,43.73962623,sell
1499527512,42135664,0.3183,1617.3812991,buy
1499527510,42135637,0.3183,9.4,buy
1499527487,42135614,0.3183,1310.5291545,buy
1499527464,42135591,0.31452,504.0,sell
1499527455,42135558,0.3179,1321.48879547,buy
1499527454,42135555,0.3198,132.46914792,buy
1499527454,42135554,0.31979,299.37006,buy
1499527454,42135553,0.31979,18.0267368,buy
1499527454,42135552,0.31979,299.37006,buy
1499527454,42135551,0.318,1321.48879547,buy
1499527454,42135550,0.317,470.0,buy
1499527400,42135468,0.315,5.0,buy
1499527392,42135443,0.317,1000.0,buy
1499527365,42135415,0.31869,600.0,buy
1499527358,42135410,0.31452,4.95351166,sell
1499527358,42135409,0.315,0.04648834,sell
1499527332,42135308,0.315,2271.13051166,sell
1499527332,42135305,0.31534,0.87543456,buy
1499527332,42135296,0.31534,0.95436281,buy
1499527331,42135284,0.31535,2.60743878,buy
1499527286,42135063,0.31584,290.0,buy
1499527285,42135062,0.31451,142.52068103,sell
1499527278,42135039,0.32,952.63236303,buy
1499527278,42135038,0.31999,20001.0,buy
1499527278,42135037,0.3199,15865.4,buy
1499527278,42135036,0.3199,21056.7,buy
1499527278,42135035,0.31971,325.54496785,buy
1499527278,42135034,0.31949,621.73869,buy
1499527278,42135033,0.31947,324.30498251,buy
1499527278,42135032,0.31943,325.54496785,buy
1499527278,42135031,0.31915,325.54496785,buy
1499527278,42135030,0.319,15000.0,buy
1499527278,42135029,0.31887,325.54496785,buy
1499527278,42135028,0.31858,325.54496785,buy
1499527278,42135027,0.3183,325.54496785,buy
1499527278,42135026,0.3182,5000.0,buy
1499527278,42135025,0.3181,12751.9,buy
1499527278,42135024,0.31802,325.54496785,buy
1499527278,42135023,0.31801,31.033149,buy
1499527277,42135022,0.3179,100.0,buy
1499527277,42135021,0.31774,325.54496785,buy
1499527277,42135020,0.31746,325.54496785,buy
1499527277,42135019,0.31722,120.0,buy
1499527277,42135018,0.31717,325.54496785,buy
1499527277,42135017,0.3171,250.79866579,buy
1499527277,42135016,0.31695,531.400589,buy
1499527277,42135015,0.31689,325.54496785,buy
1499527277,42135014,0.31661,325.54496785,buy
1499527277,42135013,0.31633,325.54496785,buy
1499527277,42135012,0.31605,325.54496785,buy
1499527277,42135011,0.316,11.0,buy
1499527277,42135010,0.31576,325.54496785,buy
