Timestamp,TradeId,Price,Amount,Type
1499558386,42178447,0.001241,18.06986301,buy
1499558386,42178444,0.001241,2.35693795,buy
1499558170,42177909,0.0012359,299.3471948,buy
1499558121,42177718,0.001226,87.20968081,buy
1499558120,42177715,0.001226,87.20968081,buy
1499558115,42177698,0.0012271,3.74919681,buy
1499558114,42177694,0.0012271,83.460484,buy
1499558108,42177677,0.0012271,83.460484,buy
1499558108,42177672,0.0012271,83.460484,buy
1499558101,42177652,0.0012273,16.43490058,buy
1499558095,42177627,0.0012273,86.73851914,buy
1499558086,42177599,0.0012272,87.20968081,buy
1499558001,42177222,0.0012279,77.51890403,buy
1499557986,42177172,0.0012279,164.6922027,buy
1499557986,42177171,0.0012278,7.30891063,buy
1499557947,42177049,0.0012151,52.03639457,sell
1499557944,42177036,0.0012296,205.7154015,buy
1499557933,42177007,0.0012299,115.1141792,buy
1499557933,42177006,0.0012299,169.2191072,buy
1499557914,42176937,0.0012182,118.407365,sell
1499557899,42176903,0.001225,74.95561085,sell
1499557899,42176902,0.001225,94.53742275,sell
1499557899,42176900,0.001225,114.8402528,sell
1499557899,42176899,0.001225,166.3537005,sell
1499557899,42176893,0.001225,117.9795859,sell
1499557897,42176880,0.001218,90.97031058,sell
1499557892,42176831,0.001225,49.40905306,buy
1499557888,42176815,0.001225,86.37796552,buy
1499557888,42176814,0.001225,94.53742275,buy
1499557888,42176813,0.001225,12.44758756,buy
1499557887,42176808,0.001225,193.3629758,buy
1499557885,42176797,0.001225,75.38338989,buy
1499557885,42176796,0.001225,117.9795859,buy
1499557882,42176779,0.001225,11.58714226,sell
1499557882,42176778,0.0012251,106.3924437,sell
1499557878,42176735,0.001225,95.29783865,sell
1499557877,42176726,0.001234,24.01204552,buy
1499557877,42176725,0.0012329,9.77807375,buy
1499557877,42176724,0.0012328,5.88574026,buy
1499557877,42176719,0.001225,88.33726537,sell
1499557877,42176718,0.001225,169.4145196,sell
1499557876,42176711,0.001225,23.9484562,sell
1499557876,42176710,0.001225,39.67585953,sell
1499557876,42176709,0.001225,54.35526427,sell
1499557876,42176705,0.001233,9.77807375,buy
1499557876,42176701,0.001225,9.77807375,sell
1499557876,42176693,0.001225,129.2296378,sell
1499557872,42176627,0.0012249,9.77807375,buy
1499557872,42176624,0.001225,102.3926653,buy
1499557872,42176623,0.0012245,90.97031058,buy
1499557871,42176617,0.0012246,116.1705174,sell
1499557871,42176614,0.0012246,29.89778578,sell
1499557871,42176613,0.0012249,106.3924437,sell
1499557868,42176587,0.0012245,136.2902295,buy
1499557868,42176583,0.0012245,2.15048912,sell
1499557868,42176582,0.0012245,11.99473904,sell
1499557868,42176581,0.0012248,9.77807375,sell
1499557868,42176577,0.0012249,131.761085,sell
1499557868,42176576,0.0012249,6.0355242,sell
1499557834,42176470,0.001236,9.77807375,buy
1499557833,42176468,0.0012256,9.77807375,sell
1499557829,42176445,0.0012255,329.6532053,sell
1499557595,42176043,0.00124,47.18964516,sell
1499557240,42175491,0.0012251,122.2831303,sell
1499557240,42175490,0.0012251,21.55925297,sell
1499557240,42175489,0.0012262,9.31092712,sell
1499557240,42175488,0.0012262,3.56621823,sell
1499556956,42174647,0.0012389,100,buy
1499556948,42174625,0.0012379,150,buy
1499556940,42174617,0.0012406,29.9145858,buy
1499556940,42174616,0.0012404,28.25603653,buy
1499556940,42174615,0.001229,41.82937767,buy
1499556928,42174605,0.001229,50,buy
1499556922,42174600,0.0012297,45.91701267,sell
1499556922,42174599,0.0012298,1198.000313,sell
1499556922,42174598,0.0012298,504.61933,sell
1499556922,42174597,0.0012298,874.7952461,sell
1499556922,42174596,0.0012298,599.8387207,sell
1499556843,42174516,0.00124,5,buy
1499556802,42174450,0.0012338,1.75244772,buy
1499556800,42174444,0.0012339,13.43546766,sell
1499556800,42174435,0.0012338,1.75244772,buy
1499556756,42174261,0.0012299,82.24268916,sell
1499556756,42174257,0.0012299,27.63755298,sell
1499556756,42174256,0.0012299,6.0355242,sell
1499556755,42174247,0.00124,54.03486467,buy
1499556753,42174230,0.0012335,163.2047631,sell
1499556735,42174202,0.00123,99.9,buy
1499556734,42174198,0.0012272,1.16418723,buy
1499556734,42174197,0.0012264,6.58765029,sell
1499556733,42174193,0.0012263,7.75183752,sell
1499556720,42174155,0.0012262,48.89463065,sell
1499556720,42174154,0.0012262,21.55925297,sell
1499556719,42174146,0.0012273,54.03486467,buy
1499556718,42174128,0.0012262,1.90125906,sell
1499556718,42174124,0.0012262,14.57603411,sell
1499556718,42174123,0.0012262,117.8168124,sell
1499556718,42174120,0.0012262,0.24801637,sell
1499556718,42174119,0.0012262,2.15048912,sell
1499556718,42174118,0.0012262,111.7499943,sell
1499556715,42174076,0.0012262,269.8162913,sell
1499556713,42174054,0.0012253,166.3525944,buy
1499556713,42174053,0.0012253,87.69162099,buy
1499556713,42174052,0.0012246,11.99473904,buy
1499556713,42174051,0.0012245,323.2050668,buy
1499556713,42174050,0.0012245,2.15048912,buy
1499556713,42174049,0.0012244,146.0683032,buy
1499556713,42174048,0.0012227,328.3453008,buy
1499556713,42174047,0.0012227,1.30790452,buy
1499556713,42174030,0.0012227,268.5083868,buy
1499556713,42174029,0.0012226,5.80204929,buy
1499556713,42174028,0.0012226,48.89463065,buy
1499556712,42174024,0.0012228,54.03486467,sell
1499556712,42174021,0.0012227,323.2050668,buy
1499556708,42173993,0.001223,80.8104153,buy
1499556705,42173987,0.0012231,87.17833084,buy
1499556705,42173986,0.0012231,2.15048912,buy
1499556705,42173985,0.0012231,48.89463065,buy
1499556705,42173984,0.0012231,247.5348855,buy
1499556704,42173981,0.0012231,80.8104153,buy
1499556702,42173973,0.0012231,233.3689912,buy
1499556702,42173971,0.0012207,236.881818,sell
1499556701,42173967,0.0012207,58.41693785,sell
1499556701,42173965,0.0012232,37.11238906,buy
1499556701,42173964,0.0012232,48.89463065,buy
1499556701,42173963,0.0012232,11.459587,buy
1499556701,42173959,0.0012207,185.2162235,sell
1499556700,42173955,0.0012232,225.422231,buy
1499556700,42173954,0.0012224,5.80204929,buy
1499556700,42173953,0.0012224,2.15048912,buy
1499556700,42173950,0.0012233,115.2784917,sell
1499556700,42173949,0.0012233,185.2162235,buy
1499556700,42173948,0.0012232,26.84668312,buy
1499556700,42173947,0.0012224,58.41693785,buy
1499556699,42173945,0.0012233,48.0528851,buy
1499556699,42173944,0.0012232,185.2970291,buy
1499556699,42173942,0.0012232,143.0482717,buy
1499556699,42173941,0.0012224,90.28256857,buy
1499556699,42173940,0.0012224,232.9224982,buy
1499556698,42173931,0.0012225,173.5599922,buy
1499556698,42173930,0.0012225,59.70911635,buy
1499556697,42173923,0.0012225,264.1420397,buy
1499556697,42173922,0.0012225,58.41693785,buy
1499556696,42173917,0.0012225,143.3948821,sell
1499556696,42173916,0.0012225,89.87422647,sell
1499556696,42173915,0.0012234,233.3308403,sell
1499556695,42173912,0.0012235,61.64597112,buy
1499556695,42173911,0.0012234,28.93607632,buy
1499556695,42173909,0.0012234,299.4092245,buy
1499556695,42173908,0.0012234,323.2050668,buy
1499556693,42173903,0.0012225,211.329205,sell
1499556693,42173901,0.0012224,19.14332519,sell
1499556692,42173898,0.0012223,57.1737317,buy
1499556692,42173896,0.0012223,154.1554733,buy
1499556692,42173895,0.0012223,19.14332519,buy
1499556692,42173894,0.0012223,2.15048912,buy
1499556691,42173889,0.0012224,48.72240936,buy
1499556691,42173888,0.0012224,5.80204929,buy
1499556691,42173887,0.0012224,48.89463065,buy
1499556689,42173883,0.0012225,2.15048912,buy
1499556689,42173882,0.0012225,48.89463065,buy
1499556687,42173874,0.0012202,147.0041646,sell
1499556687,42173866,0.0012217,2.15048912,buy
1499556687,42173865,0.0012217,68.03795584,buy
1499556687,42173864,0.0012217,5.80204929,buy
1499556687,42173863,0.00122,16.82766213,buy
1499556687,42173862,0.0012198,51.88569784,buy
1499556686,42173852,0.00122,335.3326476,buy
1499556686,42173851,0.00122,98.99121632,buy
1499556686,42173844,0.00122,112.3379887,buy
1499556685,42173835,0.0012202,176.3948734,buy
1499556685,42173834,0.00122,50.099534,buy
1499556684,42173815,0.0012202,114.9134203,buy
1499556684,42173814,0.0012202,5.80204929,buy
1499556683,42173813,0.0012199,7.96842575,buy
1499556683,42173812,0.0012199,139.0357389,buy
1499556683,42173811,0.0012199,5.80204929,buy
1499556681,42173806,0.0012199,67.75048774,buy
1499556681,42173805,0.0012199,3.51487826,buy
1499556681,42173804,0.0012199,0.4584638,buy
1499556681,42173803,0.0012199,26.94737273,buy
1499556680,42173792,0.0012189,108.5085077,buy
1499556676,42173784,0.001219,20.47163349,buy
1499556676,42173783,0.0012189,69.18815322,buy
1499556666,42173747,0.0012198,71.99018979,buy
1499556664,42173733,0.0012072,72.027164,buy
1499556664,42173732,0.0012071,72.07194498,buy
1499556622,42173651,0.001214,69.56669686,buy
1499556621,42173647,0.001214,25.29847226,buy
1499556621,42173646,0.0012139,78.76434487,buy
1499556621,42173644,0.001214,1.18355024,buy
1499556621,42173643,0.001214,0.1543822,buy
1499556621,42173642,0.001214,9.07391268,buy
1499556487,42173402,0.001212,47.438845,buy
1499556487,42173400,0.001212,10.4190597,buy
1499556484,42173395,0.0011972,25.33901373,sell
1499556442,42173281,0.0012196,76.22116583,buy
1499556441,42173274,0.001211,47.438845,buy
1499556441,42173273,0.0012108,2.986269,buy
1499556441,42173271,0.0012108,47.438845,buy
1499556377,42173177,0.0012154,84.466365,buy
1499556377,42173176,0.0012152,87.0137669,buy
1499556371,42173166,0.0012158,83.43927954,buy
1499556369,42173157,0.001216,83.43203125,buy
1499556359,42173144,0.001219,64.0954343,buy
1499556358,42173138,0.001219,1.06849786,buy
1499556357,42173127,0.0012194,1.06867311,buy
1499556357,42173123,0.0012193,8.19313596,buy
1499555108,42171134,0.0011998,20.26045174,sell
1499554533,42170247,0.0011847,1973.181082,sell
1499554505,42170232,0.001185,0.00002494,buy
1499554505,42170231,0.001185,554.0651,buy
1499554487,42170204,0.001185,100,sell
1499554487,42170203,0.0011851,99.99,sell
1499554487,42170202,0.001186,9984.4659,sell
1499554330,42169943,0.00119,532.1104874,sell
1499554330,42169942,0.001191,0.00427799,sell
1499554290,42169914,0.001191,9.99572201,sell
1499554254,42169871,0.001195,1000,sell
1499554254,42169870,0.0011951,999.9,sell
1499554049,42169694,0.0011951,999.8953853,sell
1499553824,42169441,0.0012,100,sell
1499553824,42169440,0.0012,250,sell
1499553824,42169439,0.0012,100,sell
1499553824,42169438,0.0012,1000,sell
1499553824,42169437,0.0012,1000,sell
1499553824,42169436,0.0012009,0.00846512,sell
1499553824,42169435,0.0012009,39.68741366,sell
1499553824,42169434,0.001201,0.00420569,sell
1499553823,42169433,0.001201,7071.002726,sell
1499553823,42169428,0.001201,2500,sell
1499553822,42169427,0.001201,2500,sell
1499553822,42169426,0.001201,2500,sell
1499553818,42169423,0.001201,1082.993068,sell
1499553739,42169310,0.001202,492.1199153,sell
1499553509,42169053,0.0012011,197.1250076,sell
1499553472,42168958,0.0012011,16934.44633,sell
1499553472,42168957,0.0012012,810.7431174,sell
1499553125,42168418,0.0012199,45.31245758,buy
1499553125,42168417,0.0012197,35.7787,buy
1499553125,42168416,0.0012196,418.9088424,buy
1499552880,42167945,0.001216,0.23594667,buy
1499552880,42167944,0.001216,499.7640533,buy
1499552580,42167537,0.0012161,273.1353142,buy
1499552524,42167310,0.0012014,446.4500067,buy
1499552524,42167309,0.0012014,795.1431039,buy
1499552291,42167042,0.0012011,1480.830593,sell
1499552282,42167035,0.0012014,33.5496,buy
1499552170,42166861,0.0012011,1520.333921,sell
1499552127,42166746,0.0012021,25,sell
1499552127,42166736,0.0012105,1.30729612,sell
1499552126,42166733,0.0012105,828.6927039,sell
1499551890,42166445,0.0012155,252.8509805,buy
1499551562,42166024,0.0012174,54.32705349,buy
1499551556,42166018,0.001217,134.4350264,sell
1499551556,42166017,0.001217,118.415954,sell
1499551556,42166016,0.0012176,23.28148609,sell
1499551556,42166015,0.001218,54.32705349,sell
1499551534,42165956,0.0012203,129.1637885,buy
1499551526,42165912,0.0012204,328.3453008,buy
1499551523,42165904,0.00122,95.11735212,buy
1499551523,42165902,0.0012201,178.2879731,buy
1499551407,42165665,0.0012164,0.18330274,sell
1499551406,42165663,0.0012164,74.83673498,sell
1499551406,42165662,0.0012164,54.32705349,sell
1499551398,42165616,0.0012163,0.18330274,sell
1499551398,42165609,0.0012162,79.39078855,sell
1499551398,42165608,0.0012163,49.77299992,sell
1499551398,42165601,0.0012163,82.5935398,sell
1499551397,42165578,0.0012162,0.29276562,sell
1499551389,42165545,0.0012162,31.72015532,sell
1499551389,42165544,0.0012162,22.96891174,sell
1499551389,42165543,0.0012162,3.74493421,sell
1499551389,42165542,0.0012162,82.5935398,sell
1499551389,42165539,0.0012162,9.4182227,sell
1499551386,42165524,0.0012263,98.87387026,buy
1499551385,42165523,0.0012263,131.3054768,buy
1499551385,42165522,0.0012262,275.7849878,buy
1499551384,42165521,0.0012262,37.1179753,buy
1499551383,42165520,0.0012262,7.08613168,buy
1499551379,42165495,0.0012162,22.96894227,sell
1499551372,42165477,0.0012161,32.49103052,sell
1499551372,42165476,0.0012161,88.75965594,sell
1499551371,42165475,0.0012161,42.54582083,sell
1499551371,42165474,0.0012161,275.7849878,sell
1499551371,42165473,0.0012161,8.73627761,sell
1499551367,42165447,0.0012161,22.96894227,sell
1499551365,42165445,0.0012161,3.1657414,sell
1499551365,42165441,0.0012161,2.24701402,sell
1499551357,42165411,0.001216,37.01352624,buy
1499551357,42165410,0.001216,84.23716022,buy
1499551357,42165409,0.001216,0.92427983,buy
1499551357,42165408,0.001216,4.84147325,buy
1499551357,42165407,0.0012161,54.32705349,sell
1499551357,42165406,0.0012161,7.08613168,sell
1499551357,42165405,0.0012161,284.5711358,sell
1499551357,42165404,0.0012161,22.96891174,sell
1499551354,42165391,0.001216,0.00003053,buy
1499551354,42165390,0.001216,0.18327221,buy
1499551354,42165389,0.001216,58.43400127,buy
1499551354,42165388,0.001216,22.96894227,buy
1499551354,42165387,0.001216,59.62462373,buy
1499551353,42165375,0.001216,22.96891607,buy
1499551353,42165374,0.001216,106.1948462,buy
1499551353,42165372,0.001216,22.96894227,buy
1499551352,42165369,0.0012161,2.77761909,sell
1499551352,42165367,0.0012161,10.77310048,sell
1499551352,42165366,0.001216,9.4182227,buy
1499551352,42165364,0.001216,13.52102072,sell
1499551352,42165363,0.001216,1.40511934,sell
1499551352,42165360,0.001216,0.29276562,buy
1499551352,42165359,0.001216,17.20970746,buy
1499551352,42165358,0.001216,2.24476701,sell
1499551352,42165353,0.001216,65.30136029,buy
1499551352,42165348,0.001216,263.0439405,buy
1499551348,42165319,0.001227,84.45019588,sell
1499551348,42165318,0.001227,14.42367438,sell
1499551348,42165317,0.001227,108.2714791,sell
1499551348,42165316,0.001227,23.03399768,sell
1499551348,42165315,0.001227,110.6506139,sell
1499551348,42165314,0.001227,156.8401536,sell
1499551348,42165313,0.001227,8.29422026,sell
1499551345,42165295,0.001216,103.1428587,sell
1499551338,42165260,0.001216,328.6739747,sell
1499551335,42165205,0.0012153,0.35304021,buy
1499551335,42165204,0.0012153,230.1654589,buy
1499551335,42165203,0.0012153,156.8401536,buy
1499551334,42165202,0.0012154,123.7472026,sell
1499551329,42165171,0.001215,327.0670862,buy
1499551329,42165170,0.001215,0.05107895,buy
1499551329,42165168,0.001215,473.0541306,buy
1499551328,42165157,0.001215,22.86446268,buy
1499551328,42165156,0.001212,0.04696975,buy
1499551328,42165145,0.001212,22.92197252,buy
1499551327,42165134,0.001212,100,sell
1499551327,42165133,0.0012121,89.99907192,sell
1499551327,42165132,0.0012121,25,sell
1499551327,42165131,0.001215,243.6675565,sell
1499551326,42165119,0.001215,195.8284691,sell
1499551326,42165111,0.001215,471.0627435,sell
1499551326,42165110,0.0012153,8.86131647,sell
1499551325,42165103,0.0012153,252.8104683,sell
1499551312,42164983,0.001232,55.00845093,buy
1499551272,42164865,0.0012151,0.78724229,sell
1499551262,42164741,0.0012368,1037.433564,sell
1499551261,42164718,0.0012369,0.77642246,sell
1499551260,42164713,0.0012369,5.95257222,sell
1499551260,42164712,0.0012369,45.63638702,sell
1499551260,42164708,0.0012369,49.92214146,sell
1499551225,42164633,0.0012369,140.793896,sell
1499551225,42164628,0.0012369,93.79816476,sell
1499551219,42164619,0.0012369,40.37766998,sell
1499551201,42164593,0.0012369,14.25621311,sell
1499551197,42164584,0.0012369,88.42089902,sell
1499551194,42164579,0.0012369,0.15611538,sell
1499551194,42164577,0.0012369,1.19688462,sell
1499551194,42164576,0.0012369,46.33240358,sell
1499551194,42164575,0.0012369,70.35021829,sell
1499551194,42164570,0.0012369,9.17611543,sell
1499551191,42164566,0.0012369,90.6810802,sell
1499551189,42164562,0.0012368,90.68107985,sell
1499551172,42164548,0.0012368,106.8777021,sell
1499551143,42164516,0.0012368,84.6005326,sell
1499551138,42164508,0.0012369,53.49026598,sell
1499551136,42164501,0.0012369,24.90668891,sell
1499551136,42164500,0.0012369,82.20232789,sell
1499551134,42164498,0.0012369,33.33662381,sell
1499551100,42164464,0.0012368,65.58157761,sell
1499551062,42164418,0.0012369,50,buy
1499550801,42164146,0.0012368,224.8255441,buy
1499550450,42163646,0.0012368,103.7896261,buy
1499550449,42163643,0.0012354,224.9818147,buy
1499550236,42163389,0.0012384,115.5384593,buy
1499550235,42163388,0.0012387,83.34218373,sell
1499550235,42163384,0.0012385,242.0677181,buy
1499550234,42163381,0.0012387,242.0677181,buy
1499550231,42163376,0.0012388,83.34218373,buy
1499550231,42163375,0.0012388,115.5815776,buy
1499550179,42163319,0.001237,6.1,buy
1499550166,42163306,0.0012361,242.1570694,buy
1499550038,42163223,0.00123,89.44123088,sell
1499550038,42163222,0.0012301,328.7714408,sell
1499550038,42163221,0.0012302,159.2682377,sell
1499550032,42163205,0.0012281,1.24907421,buy
1499550032,42163204,0.0012281,576.2318352,buy
1499550028,42163198,0.0012291,158.5638561,sell
1499550014,42163184,0.0012439,96.65403965,sell
1499550014,42163183,0.0012439,577.4809094,buy
1499550014,42163182,0.0012438,87.92265284,buy
1499550014,42163181,0.0012438,35.78467713,buy
1499550013,42163180,0.0012438,98.72624263,buy
1499550013,42163179,0.0012438,199.0422985,buy
1499550013,42163178,0.0012438,41.02147977,buy
1499550002,42163167,0.001244,1769.517027,buy
1499550002,42163166,0.0012439,230.4829727,buy
1499549994,42163124,0.001247,560.5217692,sell
1499549993,42163115,0.001247,355.9115652,sell
1499549993,42163114,0.001247,103.6858203,sell
1499549993,42163111,0.001247,2683.379337,sell
1499549993,42163110,0.001247,3128.501509,sell
1499549972,42163096,0.001237,221.1228179,buy
1499549787,42162941,0.001222,200.2596826,sell
1499549786,42162935,0.001253,0.60458654,sell
1499549786,42162933,0.001253,198.4377119,sell
1499549649,42162765,0.001242,94.98949234,buy
1499549607,42162662,0.001241,86.27746236,sell
1499549594,42162644,0.0012425,17.93495515,buy
1499549593,42162641,0.0012426,17.93495515,sell
1499549590,42162640,0.0012426,104.2124175,buy
1499549203,42162154,0.001236,1000.44,buy
1499549199,42162144,0.0012358,283.3232396,buy
1499549172,42162119,0.0012359,1000.34,buy
1499549168,42162117,0.0012332,223.874282,buy
1499549168,42162112,0.0012332,59.74284556,buy
1499549137,42161992,0.0012347,270.9011171,buy
1499549137,42161991,0.0012346,270.87403,buy
1499549135,42161986,0.0012348,1.18297837,buy
1499549134,42161985,0.0012348,1.18297837,buy
1499549134,42161979,0.0012349,1.18288259,buy
1499549037,42161804,0.0012347,260.4511838,buy
1499548900,42161634,0.001236,0.00404935,sell
1499548870,42161572,0.001236,999.9959507,sell
1499548857,42161541,0.0012232,172,sell
1499548857,42161540,0.001224,816.9934641,sell
1499548857,42161539,0.001225,374.6775279,sell
1499548857,42161538,0.001225,68.56021352,sell
1499548856,42161523,0.0012379,2.46972291,buy
1499548856,42161519,0.0012379,135.3472251,buy
1499548854,42161495,0.001225,0.11913985,sell
1499548854,42161494,0.001225,419.6879936,sell
1499548854,42161493,0.0012251,18.93455044,sell
1499548854,42161492,0.0012379,2.46972291,sell
1499548585,42161225,0.0012429,51.05508081,buy
1499548531,42161186,0.001241,3173.662644,buy
1499548531,42161185,0.0012409,326.3373565,buy
1499548432,42161062,0.001248,0.17334134,buy
1499548426,42161046,0.001214,168,buy
1499548415,42160988,0.001214,40,buy
1499548306,42160828,0.001218,2709.973644,sell
1499548306,42160822,0.0012181,2040.2698,sell
1499547754,42160172,0.001212,684.4984075,buy
1499547754,42160171,0.0012119,59.77265844,buy
1499547754,42160170,0.0012117,2.72109273,buy
1499547754,42160169,0.0012116,461.2698504,buy
1499547723,42160149,0.001212,20.12008084,buy
1499547722,42160147,0.001212,20.10726072,buy
1499547687,42160090,0.0012121,145.2690829,sell
1499547683,42160079,0.001213,206.7590592,sell
1499547683,42160076,0.001213,208.0489137,sell
1499547682,42160073,0.001213,475.9730443,sell
1499547682,42160071,0.0012121,476.4544135,sell
1499547681,42160062,0.0012151,257.5722053,sell
1499547679,42160052,0.0012151,584.4984075,sell
1499547679,42160050,0.0012151,207.831072,sell
1499547677,42160041,0.0012151,208.043994,sell
1499547677,42160038,0.0012151,207.627906,sell
1499547665,42160009,0.0012151,1534.426415,sell
1499547665,42160008,0.001218,99.47,sell
1499547665,42160007,0.00122,100,sell
1499547665,42160006,0.0012201,25,sell
1499547345,42159637,0.001235,0.00870398,sell
1499547345,42159636,0.0012351,0.00457302,sell
1499547345,42159635,0.0012351,24.99542698,sell
1499547274,42159556,0.001235,865.2544539,sell
1499547274,42159555,0.001235,10,sell
1499547274,42159554,0.0012351,0.00461083,sell
1499547274,42159553,0.0012351,872.9886068,sell
1499547243,42159511,0.0012351,2.18241239,sell
1499547243,42159510,0.0012378,0.00408761,sell
1499547227,42159493,0.0012378,387.0003466,sell
1499547227,42159489,0.0012378,2140.995566,sell
1499547227,42159488,0.0012378,2528,sell
1499547227,42159487,0.00124,387,sell
1499547227,42159485,0.0012401,24.97403942,sell
1499547227,42159484,0.0012401,361.9872606,sell
1499547227,42159483,0.0012401,25,sell
1499547227,42159482,0.00125,0.00860626,sell
1499547062,42159361,0.00125,9.99139374,sell
1499547062,42159360,0.0012501,0.00420186,sell
1499547062,42159359,0.0012501,24.99579814,sell
1499547047,42159351,0.0012522,26,buy
1499546962,42159272,0.001253,49.24292099,buy
1499546940,42159260,0.001253,500,buy
1499546429,42158976,0.001252,317.9184151,sell
1499546429,42158975,0.0012521,25,sell
1499545414,42158185,0.0012599,0.13,buy
1499545363,42158157,0.0012599,1654,buy
1499545257,42158082,0.0012639,800,buy
1499544756,42157711,0.0012669,1.37797654,sell
1499544756,42157709,0.0012669,550.7160372,sell
1499544750,42157703,0.001268,1000,buy
1499544470,42157503,0.0012669,1,buy
1499544430,42157469,0.001266,1,buy
1499544392,42157428,0.001268,1,buy
1499543864,42157071,0.001267,1900,buy
1499543864,42157070,0.0012669,2000,buy
1499543543,42156765,0.0012649,4.99,sell
1499543525,42156754,0.0012659,0.5,sell
1499543509,42156746,0.001265,5,buy
1499543501,42156737,0.0012659,0.0299441,sell
1499543501,42156736,0.0012659,8.9700559,sell
1499543495,42156728,0.0012659,8.99999421,sell
1499543494,42156727,0.001243,0.00000579,buy
1499543441,42156705,0.001243,65.99999421,buy
1499543441,42156704,0.001243,0.048209,buy
1499543366,42156640,0.001243,246.281791,buy
1499543293,42156587,0.001244,200.9859318,buy
1499543280,42156572,0.0012432,2000,sell
1499543225,42156502,0.001243,0.02893934,buy
1499543225,42156500,0.001243,69.44106066,buy
1499543189,42156468,0.001244,19.25355305,buy
1499543149,42156431,0.0012441,1602.385301,sell
1499543137,42156416,0.001244,51.09469876,sell
1499543131,42156395,0.001244,346.52,buy
1499543107,42156370,0.001245,317.1251734,buy
1499543103,42156367,0.001243,269.82,buy
1499543084,42156346,0.001245,11.18566996,buy
1499542987,42156257,0.001245,17.68915662,buy
1499542987,42156256,0.001243,69.47715952,buy
1499542987,42156255,0.001243,1245,buy
1499542830,42156026,0.001248,1.771,buy
1499542669,42155851,0.001248,10,buy
1499541582,42154625,0.001269,369.6752955,buy
1499541436,42154564,0.001257,155.9790305,buy
1499540867,42154034,0.0012485,0.55964039,sell
1499540867,42154031,0.0012485,403.3183728,sell
1499540867,42154030,0.0012486,0.00435384,sell
1499540866,42154028,0.0012486,403.3386262,sell
1499539772,42153218,0.0012499,0.0042088,sell
1499539772,42153217,0.0012499,442.9935816,sell
1499539771,42153212,0.0012499,465.7782516,sell
1499539769,42153202,0.00125,0.06164389,sell
1499539768,42153199,0.00125,80.93835611,sell
1499539768,42153198,0.00125,0.30980341,sell
1499539493,42153043,0.00125,908.3753566,sell
1499539493,42153042,0.00125,1,sell
1499539493,42153041,0.00125,9.9472,sell
1499539398,42152973,0.0012501,919.6276276,sell
1499539387,42152957,0.0012749,3785.897514,buy
1499539387,42152956,0.0012721,11.15764945,buy
1499539387,42152955,0.001271,6856.1491,buy
1499539387,42152954,0.0012659,37.77095191,buy
1499539259,42152879,0.001255,0.01902931,sell
1499539258,42152873,0.001255,37.77497069,sell
1499539202,42152838,0.0012689,89.0852313,buy
1499539202,42152837,0.0012688,86.86732,buy
1499538640,42152410,0.0012535,500,sell
1499538472,42152300,0.001275,2000,buy
1499538446,42152276,0.001278,1069.493361,buy
1499538362,42152222,0.001257,99.94163541,buy
1499538362,42152221,0.001257,1195.974834,buy
1499538296,42152185,0.0012501,399.8521318,sell
1499538270,42152175,0.001257,278.4407319,buy
1499537991,42151944,0.001255,0.00462243,sell
1499537991,42151943,0.00126,0.05836459,sell
1499537991,42151940,0.00126,99.94163541,sell
1499537986,42151938,0.001255,564.0891888,sell
1499537985,42151932,0.001255,1295.906189,sell
1499537985,42151931,0.0012551,564.0892649,sell
1499537985,42151930,0.0012551,1435.910735,sell
1499537952,42151904,0.001278,2000,buy
1499537793,42151785,0.0012591,573.361219,sell
1499537765,42151769,0.001282,2000,buy
1499537755,42151763,0.001284,2000,buy
1499537743,42151756,0.001288,1,buy
1499537742,42151754,0.001289,1,buy
1499537735,42151741,0.001289,5,buy
1499537734,42151740,0.001289,5,buy
1499537733,42151739,0.001289,5,buy
1499537724,42151732,0.001288,19.26303945,buy
1499537724,42151731,0.0012879,80.73696055,buy
1499537722,42151730,0.001288,100,buy
1499537714,42151723,0.0012575,1.20945679,sell
1499537714,42151720,0.0012575,0.15775524,sell
1499537714,42151719,0.0012575,1.22797572,sell
1499537714,42151717,0.0012575,9.27250216,sell
1499537714,42151712,0.0012575,62.85126052,sell
1499537713,42151711,0.0012575,8.19799051,sell
1499537713,42151709,0.0012575,1.06930309,sell
1499537713,42151708,0.0012575,0.13947433,sell
1499537713,42151707,0.0012575,9.41448061,sell
1499537713,42151702,0.0012575,72.17768455,sell
1499537713,42151701,0.0012575,0.16017074,sell
1499537712,42151695,0.001293,3050.649571,sell
1499537712,42151694,0.001293,1393.710729,sell
1499537711,42151691,0.0012929,2000,buy
1499537704,42151689,0.0012939,1561.282886,buy
1499537698,42151681,0.001293,2609.946093,buy
1499537698,42151680,0.0012929,1892.739127,buy
1499537698,42151679,0.0012929,2000,buy
1499537685,42151671,0.001295,5976.392686,buy
1499537685,42151670,0.0012949,1843.56,buy
1499537685,42151669,0.0012949,2000,buy
1499537679,42151663,0.0012959,7819.952686,buy
1499537679,42151662,0.0012959,2000,buy
1499537667,42151655,0.001273,4226.517852,buy
1499537667,42151654,0.0012729,3744.510934,buy
1499537645,42151629,0.001276,6071.993019,buy
1499537645,42151628,0.0012759,2000,buy
1499537629,42151596,0.00128,1497.078828,sell
1499537629,42151595,0.00128,3688.478974,sell
1499537628,42151594,0.00128,99.9,buy
1499537628,42151593,0.001275,18.39199723,buy
1499537628,42151592,0.0012749,2000,buy
1499537628,42151591,0.0012749,77.53445031,buy
1499537628,42151590,0.001264,500,buy
1499536110,42149743,0.0012601,415.9624116,sell
1499536110,42149737,0.0012601,306.836893,sell
1499536096,42149670,0.001261,3379.01279,sell
1499536096,42149668,0.001261,6993.58771,sell
1499536096,42149667,0.0012611,722.6904526,sell
1499535921,42149376,0.001269,99.91,buy
1499535630,42149123,0.00125,0.0528,buy
1499535615,42149104,0.00125,99.8472,buy
1499535455,42148926,0.0012499,91.223958,buy
1499535015,42148482,0.001249,4243.767769,buy
1499535015,42148481,0.0012489,808.9686692,buy
1499534798,42148247,0.0012389,0.20351402,buy
1499534770,42148209,0.0012389,199.586496,buy
1499534770,42148208,0.0012388,0.20351402,buy
1499534761,42148199,0.0012388,199.566516,buy
1499534398,42147762,0.001238,10,buy
1499533816,42146538,0.0012389,607.3776387,buy
1499533816,42146537,0.00123,99.9,buy
1499533816,42146536,0.0012299,99.89001,buy
1499533712,42146320,0.0012409,81.4368273,buy
1499533712,42146319,0.0012409,209.2883529,buy
1499533712,42146318,0.0012344,209.2748198,buy
1499533708,42146312,0.0012343,2000,buy
1499533699,42146292,0.0012342,2000,buy
1499533480,42145602,0.0012357,0.00849166,sell
1499533480,42145601,0.0012357,209.2748198,sell
1499533479,42145594,0.0012357,566.3903957,sell
1499533479,42145593,0.00124,0.00403629,sell
1499533479,42145591,0.00124,999.9959637,sell
1499533479,42145590,0.001241,2780.912505,sell
1499533479,42145586,0.001241,2364.087495,sell
1499533479,42145583,0.0012411,715.7342059,sell
1499533333,42145305,0.001245,50,buy
1499533252,42145065,0.0012429,30,buy
1499533228,42145000,0.0012429,0.05392148,sell
1499533216,42144971,0.0012489,459.1741,buy
1499533216,42144970,0.001248,7540.8259,buy
1499533175,42144868,0.0012429,119.9460785,sell
1499532632,42143513,0.001235,593.5732575,sell
1499532632,42143510,0.001235,806.4267425,sell
1499532576,42143454,0.001233,1622,buy
1499532120,42143001,0.00125,40,buy
1499531992,42142851,0.001222,230.4789644,buy
1499531880,42142705,0.00123,0.82431754,sell
1499531879,42142703,0.00123,819.1756825,sell
1499531879,42142702,0.0012301,819.918,sell
1499531872,42142699,0.0012302,819.9134831,sell
1499531872,42142697,0.0012302,819.9956054,sell
1499531359,42142238,0.0012329,1656.618111,buy
1499531151,42142059,0.001226,811.7542008,buy
1499531097,42142026,0.001193,404.174792,buy
1499531060,42142003,0.001196,18.41661096,buy
1499530970,42141864,0.0011801,14,sell
1499530953,42141855,0.00119,761.8962605,sell
1499530951,42141853,0.0011958,3,sell
1499530951,42141852,0.0011959,508.0885942,sell
1499530949,42141851,0.0011959,3.0000275,sell
1499530949,42141850,0.0012,0.0093725,sell
1499530947,42141847,0.001202,5120.497365,sell
1499530947,42141845,0.0012011,699.9256354,buy
1499530946,42141840,0.0012,872.5298775,sell
1499530946,42141839,0.0012,1055.901608,sell
1499530946,42141838,0.0012,1850,sell
1499530946,42141837,0.0012,104.0932926,sell
1499530946,42141836,0.0012,100,sell
1499530946,42141835,0.001201,0.0044174,sell
1499530946,42141834,0.001201,699.9955826,sell
1499530946,42141832,0.0012011,699.93,sell
1499530845,42141724,0.001211,11.18000947,sell
1499530845,42141723,0.00122,0.00410246,sell
1499530845,42141722,0.001221,0.00416386,sell
1499530845,42141719,0.001221,320.9958361,sell
1499530683,42141543,0.001239,3.0234,buy
1499530580,42141400,0.00122,99.99589754,sell
1499530407,42141221,0.001228,0.40415007,sell
1499530401,42141217,0.001228,147.4640279,sell
1499530401,42141216,0.001228,252.131822,sell
1499530379,42141170,0.001241,5.16097502,sell
1499530379,42141169,0.001241,0.16759801,buy
1499530295,42141067,0.001253,475.7383929,buy
1499530292,42141063,0.0012549,2,sell
1499530280,42141025,0.0012549,248.5867974,sell
1499530280,42141020,0.0012549,0.26877579,sell
1499530279,42141019,0.0012549,251.1444268,sell
1499530173,42140883,0.0012241,360.489167,sell
1499530173,42140882,0.0012241,251.149224,sell
1499530173,42140880,0.001224,523.6748023,sell
1499530173,42140879,0.0012241,2000,sell
1499530171,42140874,0.001224,250.9862641,sell
1499530136,42140790,0.00125,64.0625611,sell
1499530136,42140789,0.00125,15.79804457,sell
1499530136,42140785,0.00125,2.0606145,sell
1499530121,42140766,0.00125,2.086488,sell
1499530120,42140760,0.00125,15.99229183,sell
1499530120,42140759,0.00125,0.00407617,sell
1499530105,42140744,0.001273,351.2563314,sell
1499530105,42140739,0.001273,0.16759801,sell
1499530008,42140655,0.001273,0.97487458,sell
1499530007,42140650,0.001273,0.12715756,sell
1499530007,42140649,0.001273,7.47403844,sell
1499529673,42140353,0.0012657,23.63256966,sell
1499529673,42140352,0.0012659,1.08803223,sell
1499529664,42140347,0.0012729,0.99296881,buy
1499529663,42140338,0.0012728,1.49983502,buy
1499529663,42140337,0.0012728,1.65188153,buy
1499529654,42140325,0.0012659,291.0750134,buy
1499529654,42140324,0.0012659,341.6916043,buy
1499529654,42140323,0.0012659,680.8296525,buy
1499529653,42140317,0.0012659,1.08803223,buy
1499529614,42140253,0.0012658,89.14178385,sell
1499529613,42140247,0.0012658,95.2334887,sell
1499529611,42140242,0.0012658,91.3278063,sell
1499529611,42140241,0.0012658,108.932309,sell
1499529611,42140240,0.0012658,100.1302792,sell
1499529611,42140239,0.0012658,94.17387629,sell
1499529610,42140235,0.0012658,112.948902,sell
1499529610,42140219,0.0012658,0.10070624,sell
1499529610,42140216,0.0012658,0.736278,sell
1499529610,42140215,0.0012658,42.83406682,sell
1499529610,42140214,0.0012658,100.0301489,sell
1499529610,42140213,0.0012658,43.27678489,sell
1499529610,42140212,0.0012658,1.7018362,sell
1499529609,42140211,0.0012658,0.72874592,sell
1499529609,42140210,0.0012658,5.64479804,sell
1499529609,42140209,0.0012658,5.58705219,sell
1499529609,42140208,0.0012658,8.64725672,sell
1499529607,42140185,0.0012659,94.52165745,buy
1499529607,42140182,0.0012659,28.5713665,buy
1499529607,42140179,0.0012659,11.07989739,buy
1499529606,42140174,0.0012659,130.6637224,buy
1499529606,42140153,0.0012659,104.0427918,buy
1499529606,42140152,0.0012659,24.23669504,buy
1499529606,42140151,0.0012659,69.6378886,buy
1499529606,42140150,0.0012659,813.0742337,sell
1499529605,42140144,0.001267,94.52165745,sell
1499529605,42140143,0.001267,28.5713665,sell
1499529605,42140142,0.001267,11.07989739,sell
1499529605,42140141,0.0012694,82.41110625,sell
1499529605,42140140,0.0012694,21.63168554,sell
1499529605,42140139,0.0012694,77.03775676,sell
1499529604,42140134,0.0012694,1.31918296,sell
1499529604,42140133,0.0012694,5.87395216,sell
1499529604,42140132,0.0012694,0.17206734,sell
1499529604,42140131,0.0012694,46.26076317,sell
1499529604,42140130,0.0012694,56.36849925,sell
1499529604,42140129,0.0012694,13.04741074,sell
1499529604,42140128,0.0012694,0.22197861,sell
1499529604,42140127,0.0012694,100.0301489,buy
1499529604,42140126,0.0012693,1.7018362,buy
1499529604,42140125,0.0012709,50.29956289,buy
1499529604,42140124,0.0012709,42.83406682,buy
1499529604,42140123,0.0012709,5.58705219,buy
1499529604,42140122,0.0012709,5.64479804,buy
1499529604,42140121,0.0012709,26.29824245,buy
1499529604,42140120,0.0012709,16.97854244,buy
1499529604,42140119,0.0012709,0.736278,buy
1499529604,42140118,0.0012709,112.948902,buy
1499529604,42140113,0.0012692,28.5713665,sell
1499529604,42140112,0.0012694,94.52165745,sell
1499529604,42140111,0.0012694,11.07989739,sell
1499529604,42140110,0.0012695,130.6637224,sell
1499529604,42140109,0.0012695,104.0427918,sell
1499529604,42140108,0.0012695,130.6637224,sell
1499529604,42140107,0.0012695,171.3698737,sell
1499529604,42140106,0.0012695,130.6637224,sell
1499529598,42140085,0.0012704,0.50212237,sell
1499529597,42140084,0.0012704,0.5026255,sell
1499529597,42140083,0.0012704,81.90567337,sell
1499529591,42140064,0.0012698,81.78078284,sell
1499529583,42140058,0.001272,94.22044164,buy
1499529575,42140049,0.0012738,9.00142992,buy
1499529573,42140048,0.001274,9.00142992,sell
1499529570,42140044,0.001274,9.00142992,sell
1499529567,42140039,0.001275,70.8629992,buy
1499529565,42140034,0.0012682,100,sell
1499529565,42140030,0.001277,114.1886773,buy
1499529563,42140023,0.0012776,2.36513964,buy
1499529562,42140018,0.0012776,48.11198041,buy
1499529553,42139955,0.001268,0.00000589,buy
1499529551,42139902,0.001268,3646.9863,buy
1499529551,42139901,0.001268,4951.927207,buy
1499529550,42139890,0.001268,748.2925868,buy
1499529550,42139884,0.001267,86.55066924,sell
1499529550,42139883,0.001267,11.07989739,sell
1499529550,42139882,0.001267,2.36513964,sell
1499529550,42139867,0.0012669,82.58070092,buy
1499529549,42139863,0.001266,172.3470754,buy
1499529549,42139862,0.001266,18.36929755,buy
1499529549,42139854,0.0012658,24.23672,buy
1499529549,42139853,0.0012657,17.17471561,buy
1499529549,42139852,0.0012657,5.49890188,buy
1499529549,42139841,0.0012657,0.95897456,buy
1499529549,42139836,0.0012657,69.01094959,buy
1499529549,42139827,0.0012657,7.35216463,buy
1499529549,42139810,0.00125,759.8278278,sell
1499529545,42139789,0.001252,100,sell
1499529474,42139705,0.001252,138.1501757,sell
1499529325,42139496,0.0012659,0.00429373,sell
1499529324,42139492,0.0012659,99.99570627,sell
1499529266,42139400,0.0012659,9.7769334,buy
1499529252,42139356,0.0012502,48.47342092,sell
1499529252,42139355,0.0012503,120.4607,sell
1499529157,42139222,0.001256,307.4864243,sell
1499529146,42139202,0.0013028,76.75775253,buy
1499529130,42139196,0.0012539,154.0770768,buy
1499529127,42139186,0.0012539,30.20160217,buy
1499529080,42139162,0.001253,80.15395596,buy
1499529072,42139156,0.0012539,46.48065082,buy
1499529035,42139096,0.00125,90.168096,sell
1499528991,42139050,0.0012523,465.5167167,sell
1499528988,42139048,0.001253,2000,buy
1499528980,42139044,0.001249,291.91496,buy
1499528976,42139043,0.0012251,512.6669629,sell
1499528975,42139042,0.0012488,336.35899,buy
1499528975,42139041,0.0012485,291.9449828,buy
1499528975,42139040,0.0012484,336.3926287,buy
1499528913,42138894,0.001222,1,sell
1499528894,42138869,0.0012389,223.3908563,buy
1499528894,42138864,0.0012389,307.1772662,buy
1499528893,42138861,0.001239,122.0439403,buy
1499528892,42138859,0.001239,83.97642361,buy
1499528892,42138857,0.001239,104.2691613,buy
1499528892,42138853,0.001239,234.641426,buy
1499528891,42138851,0.0012397,84.74272462,buy
1499528891,42138844,0.0012397,122.1883297,buy
1499528889,42138835,0.0012398,129.12824,sell
1499528888,42138832,0.0012398,182.517264,sell
1499528887,42138828,0.0012398,26.17769435,sell
1499528885,42138813,0.0012401,190.2108754,buy
1499528885,42138812,0.00124,26.17769435,buy
1499528882,42138803,0.0012398,145.2486002,sell
1499528882,42138802,0.0012399,37.48567016,sell
1499528882,42138800,0.00124,100,sell
1499528881,42138794,0.0012401,2.3,buy
1499528881,42138793,0.0012401,37.48567016,sell
1499528880,42138786,0.00125,212.7857746,sell
1499528880,42138785,0.00125,252.7350941,sell
1499528867,42138757,0.00125,231.856312,sell
1499528864,42138751,0.00125,133.5993009,sell
1499528863,42138744,0.00125,156.809293,sell
1499528857,42138707,0.00126,100,sell
1499528857,42138706,0.0012601,99.99,sell
1499528856,42138701,0.0012614,215.0764979,sell
1499528856,42138700,0.0012615,0.0478146,sell
1499528856,42138699,0.0012615,0.80266968,sell
1499528856,42138698,0.0012615,90.84737117,sell
1499528851,42138667,0.0012872,775,sell
1499528849,42138630,0.0012889,277.2855579,sell
1499528845,42138560,0.0012915,96.52631686,sell
1499528845,42138553,0.0012915,277.2809275,sell
1499528831,42138480,0.0012915,1,sell
1499528751,42138117,0.0012911,1,sell
1499528662,42137955,0.0013028,20.24600092,buy
1499528514,42137733,0.0013061,0.00003795,sell
1499528514,42137732,0.0013061,0.1169,sell
1499528512,42137728,0.0013061,0.81727556,sell
1499528512,42137727,0.0013062,210.9223654,sell
1499528478,42137689,0.0013061,299.6956071,sell
1499528473,42137684,0.0013061,299.5582532,sell
1499528452,42137644,0.0013061,590.9000863,sell
1499528452,42137643,0.0013062,0.00396375,sell
1499528452,42137642,0.0013062,208.2920465,sell
1499528430,42137608,0.0013061,240.015164,sell
1499528430,42137605,0.0013062,159.584836,sell
1499528424,42137600,0.0013061,2737.519577,sell
1499528418,42137590,0.0013061,399.4110042,sell
1499528414,42137587,0.0013062,7.56430462,sell
1499528414,42137586,0.0013062,195.7680826,sell
1499528400,42137567,0.0013061,2497.495581,sell
1499528395,42137560,0.0013061,2299.281611,sell
1499528395,42137556,0.0013062,197.7766697,sell
1499528373,42137534,0.0013061,2497.504206,sell
1499528369,42137512,0.0013061,2299.998113,sell
1499528369,42137511,0.0013062,0.00420907,sell
1499528369,42137510,0.0013062,197.4934665,sell
1499528364,42137505,0.001307,197.4510425,sell
1499528359,42137499,0.0013071,204.845789,sell
1499528358,42137498,0.0013071,2496.517119,sell
1499528353,42137490,0.0013074,81.7229661,sell
1499528353,42137489,0.0013074,1918.277034,sell
1499528353,42137488,0.0013074,187.6802242,sell
1499528345,42137470,0.0013069,52.82366817,sell
1499528344,42137466,0.0013068,99.89554839,sell
1499528329,42137437,0.0013061,1132.536381,sell
1499528328,42137433,0.0013061,1916.607328,sell
1499528328,42137431,0.0013061,786.3046045,sell
1499528327,42137426,0.0013061,1736.170396,sell
1499528326,42137421,0.0013061,598.3892427,sell
1499528326,42137420,0.0013062,187.9153618,sell
1499528324,42137415,0.0013061,1736.170396,sell
1499528323,42137410,0.0013061,786.3046045,sell
1499528323,42137405,0.0013061,2497.509829,sell
1499528323,42137404,0.0013061,2522.474995,sell
1499528322,42137398,0.0013061,24.96517118,sell
1499528321,42137394,0.0013061,24.96517118,sell
1499528319,42137386,0.0013061,24.96517118,sell
1499528318,42137381,0.0013061,24.96517118,sell
1499528316,42137376,0.0013061,24.96320634,sell
1499528315,42137371,0.0013061,24.97099351,sell
1499528315,42137370,0.0013061,24.96320634,sell
1499528315,42137368,0.0013061,3082.409189,sell
1499528315,42137367,0.0013062,0.00405653,sell
1499528314,42137365,0.0013062,187.8735266,sell
1499528246,42137241,0.001309,173.0171721,sell
1499528246,42137240,0.001309,0.00457385,sell
1499528245,42137236,0.001309,6250.845926,sell
1499528227,42137220,0.0013083,172.9866532,sell
1499528227,42137218,0.0013083,172.8593,sell
1499528214,42137198,0.0013082,172.6425451,sell
1499528214,42137197,0.0013082,172.65917,sell
1499528166,42137129,0.0013082,157.4855853,sell
1499528166,42137128,0.001309,0.00410134,sell
1499528166,42137126,0.001309,1142.914481,sell
1499528166,42137123,0.001309,5045.140618,sell
1499528165,42137110,0.0013081,1869.151224,sell
1499528163,42137107,0.0013081,48.3462,sell
1499528163,42137103,0.001308,3164.252907,sell
1499528147,42137091,0.0013071,8.77899583,sell
1499528121,42137009,0.0013479,1465.464152,buy
1499528121,42137008,0.0013097,2.1680993,buy
1499528121,42137007,0.0013097,2.16800868,buy
1499528121,42137006,0.0013097,2.00393803,buy
1499528121,42137005,0.0013097,1.91944046,buy
1499528121,42137004,0.0013097,2.16277325,buy
1499528121,42137003,0.0013097,2.00109678,buy
1499528121,42137002,0.0013096,2.25886131,buy
1499528121,42137001,0.0013096,2.16711032,buy
1499528121,42137000,0.0013096,2.01111217,buy
1499528112,42136976,0.0013075,152.6930434,sell
1499528112,42136975,0.0013075,0.04928115,sell
1499528112,42136974,0.0013076,152.7048191,sell
1499528085,42136939,0.0013075,143.9317865,sell
1499528085,42136936,0.0013076,143.9521351,sell
1499528022,42136855,0.0013062,500,sell
1499527959,42136792,0.0013061,15.341742,sell
1499527959,42136791,0.0013061,2.22523985,sell
1499527959,42136790,0.0013061,15.41852659,sell
1499527958,42136789,0.0013061,16.58126161,sell
1499527958,42136788,0.0013061,2.13103419,sell
1499527958,42136787,0.0013061,16.61451247,sell
1499527958,42136786,0.0013061,16.62139989,sell
1499527958,42136785,0.0013061,14.71571018,sell
1499527958,42136784,0.0013061,17.31793675,sell
1499527958,42136783,0.0013061,15.36352493,sell
1499527958,42136782,0.0013061,16.62209458,sell
1499527958,42136777,0.0013061,109.6098051,sell
1499527957,42136776,0.0013061,109.48874,sell
1499527907,42136685,0.0013054,1.52171348,buy
1499527904,42136680,0.0013055,1.52171348,buy
1499527675,42136234,0.001313,2000,buy
1499527671,42136231,0.001314,2000,buy
1499527623,42136150,0.0013299,500,buy
1499527597,42136046,0.001338,7473.012104,sell
1499527597,42136041,0.001338,2505.822133,sell
1499527597,42136025,0.001338,2.37003807,buy
1499527597,42136024,0.001338,18.17029188,buy
1499527597,42136023,0.001338,1.1608436,buy
1499527597,42136022,0.001338,3.74007057,buy
1499527597,42136021,0.0013379,2000,buy
1499527597,42136020,0.00132,3180,buy
1499527597,42136019,0.0013189,7.63031214,buy
1499527597,42136018,0.0013187,8.8998009,buy
1499527597,42136017,0.0013187,3.85542393,buy
1499527597,42136016,0.0013187,11.14508424,buy
1499527597,42136015,0.0013187,9.9128908,buy
1499527597,42136014,0.0013187,2.24124305,buy
1499527597,42136013,0.0013178,36.73718843,buy
1499527597,42136012,0.0013169,1.11031721,buy
1499527597,42136011,0.0013169,40.54406441,buy
1499527597,42136010,0.0013169,4.8215592,buy
1499527597,42136009,0.0013168,1.45370664,buy
1499527597,42136008,0.0013168,1.29298576,buy
1499527597,42136007,0.0013168,2.16709023,buy
1499527597,42136006,0.0013148,36.96528721,buy
1499527597,42136005,0.0013127,4.07823181,buy
1499527597,42136004,0.0013127,2.15867045,buy
1499527597,42136003,0.0013119,1.87073625,buy
1499527597,42136002,0.0013116,3.97728058,buy
1499527597,42136001,0.0013109,3.9667327,buy
1499527597,42136000,0.0013099,1617.381299,buy
1499527597,42135999,0.0013079,30.41161739,buy
1499527597,42135998,0.0013078,30.49248449,buy
1499527597,42135997,0.001306,1207.867611,buy
1499527597,42135996,0.001305,9244.7429,buy
1499527576,42135953,0.0012831,378.5168893,sell
1499527576,42135952,0.0012831,92.76131149,sell
1499527576,42135951,0.0012832,28.72179925,sell
1499527570,42135939,0.001309,1890.313283,buy
1499527570,42135938,0.0013079,30.49248449,buy
1499527570,42135937,0.0013079,48.78261548,buy
1499527570,42135936,0.0013079,30.41161739,buy
1499527528,42135799,0.001318,2000,buy
1499527512,42135662,0.001338,209.3841726,sell
1499527512,42135661,0.001338,24423.02761,sell
1499527512,42135660,0.001338,4.79180718,sell
1499527512,42135659,0.001338,0.9952581,sell
1499527512,42135658,0.001338,11.9199834,sell
1499527512,42135657,0.001338,5.28835623,sell
1499527512,42135656,0.001338,1.55478044,sell
1499527512,42135655,0.0013369,2000,buy
1499527512,42135654,0.001328,9262.932,buy
1499527512,42135653,0.001327,13894.4701,buy
1499527512,42135652,0.0013268,807.4806643,buy
1499527512,42135651,0.0013267,0.52888469,buy
1499527512,42135650,0.0013259,6.01123739,buy
1499527512,42135649,0.0013259,36.73718843,buy
1499527512,42135648,0.0013259,4.79180718,buy
1499527512,42135647,0.0013259,7.63031214,buy
1499527512,42135646,0.0013259,11.9199834,buy
1499527512,42135645,0.0013259,0.9952581,buy
1499527512,42135644,0.0013259,1.55478044,buy
1499527512,42135643,0.0013259,40.54406441,buy
1499527512,42135642,0.0013259,5.28835623,buy
1499527512,42135641,0.001325,9262.1534,buy
1499527455,42135557,0.001349,113.621184,sell
1499527454,42135549,0.001349,9956.722343,sell
1499527454,42135548,0.001349,1672,buy
1499527454,42135547,0.001347,800,buy
1499527454,42135546,0.0013332,100,buy
1499527454,42135545,0.00133,7553,buy
1499527454,42135544,0.00133,199.8,buy
1499527454,42135543,0.001329,14271.943,buy
1499527454,42135542,0.001325,39.51,buy
1499527454,42135541,0.0013249,2000,buy
1499527454,42135540,0.0013249,20000,buy
1499527454,42135539,0.00131,1000,buy
1499527454,42135538,0.0013099,742.61168,buy
1499527454,42135537,0.0013,5,buy
1499527454,42135536,0.0013,100,buy
1499527454,42135535,0.0013,99.9,buy
1499527454,42135534,0.001299,750,buy
1499527454,42135533,0.0012972,502.9415374,buy
1499527454,42135532,0.0012971,92.95025614,buy
1499527330,42135262,0.001285,2.5996837,sell
1499527244,42134924,0.0012821,22.24487169,sell
1499527240,42134876,0.001282,12.006625,sell
1499527240,42134875,0.0012821,22.23656238,buy
1499527239,42134854,0.001282,1.56607812,sell
1499527239,42134849,0.001282,2.41220312,sell
1499527239,42134845,0.001282,27.06109242,sell
1499527239,42134844,0.001282,3.5297077,sell
1499527239,42134834,0.001282,24.58161718,sell
1499527238,42134832,0.001282,3.20629687,sell
1499527238,42134817,0.0012821,3.04505468,sell
1499527238,42134815,0.0012821,2.1821875,sell
1499527237,42134812,0.0012821,16.73014062,sell
1499527237,42134810,0.0012821,0.976,sell
1499527237,42134805,0.0012821,7.48264062,sell
1499527237,42134799,0.0012821,23.34541406,sell
1499527237,42134789,0.0012821,29.46202028,sell
1499527237,42134785,0.0012821,3.84287051,sell
1499527237,42134779,0.0012821,18.67961739,sell
1499527237,42134778,0.0012821,4.55741201,sell
1499527236,42134771,0.0012821,3.03091688,sell
1499527236,42134757,0.0012821,5.65021763,sell
1499527235,42134753,0.0012821,15.48325273,sell
1499527235,42134752,0.001282,10.67035881,sell
1499527235,42134746,0.001282,2.01955538,sell
1499527235,42134742,0.001282,10.83783931,sell
1499527235,42134741,0.001282,1.41362714,sell
1499527235,42134733,0.001282,0.78761826,sell
1499527235,42134728,0.001282,2.40868954,sell
1499527235,42134724,0.001282,1.41879875,sell
1499527235,42134722,0.001282,10.87741809,sell
1499527235,42134717,0.001282,28.455257,sell
1499527234,42134711,0.001282,3.71155526,sell
1499527234,42134707,0.001282,2.5571762,sell
1499527234,42134706,0.001282,19.60501756,sell
1499527234,42134700,0.001282,33.34524387,sell
1499527234,42134699,0.001282,2.21806042,sell
1499527234,42134698,0.0012822,2.13131921,sell
1499527234,42134693,0.0012822,19.76204403,sell
1499527234,42134686,0.001282,32.36410219,sell
1499527233,42134664,0.0012821,3.14464397,sell
1499527233,42134660,0.0012821,24.10893716,sell
1499527232,42134649,0.001282,2.97443248,sell
1499527232,42134646,0.001282,15.04350534,sell
1499527231,42134644,0.001282,3.58422498,sell
1499527231,42134635,0.001282,2.13293305,sell
1499527231,42134634,0.001282,27.47905821,sell
1499527231,42134629,0.001282,16.35248672,sell
1499527231,42134624,0.001282,1.62744424,sell
1499527231,42134622,0.001282,0.38755876,sell
1499527231,42134621,0.0012822,0.54927158,sell
1499527231,42134619,0.0012822,4.3912946,sell
1499527231,42134616,0.0012822,7.18236597,sell
1499527231,42134611,0.0012822,1.29686438,sell
1499527230,42134609,0.0012822,1.38032441,sell
1499527230,42134608,0.0012822,22.10272093,sell
1499527230,42134607,0.0012822,10.58248713,sell
1499527230,42134595,0.0012822,2.8829636,sell
1499527230,42134594,0.0012822,1.17809843,sell
1499527230,42134588,0.0012822,1.28434538,sell
1499527230,42134587,0.0012821,15.04350534,buy
1499527229,42134576,0.0012827,4.10775431,sell
1499527229,42134574,0.0012827,13.2580072,sell
1499527229,42134572,0.0012827,1.72930529,sell
1499527229,42134570,0.0012827,1.35468627,sell
1499527229,42134566,0.0012827,10.38592808,sell
1499527229,42134565,0.0012827,1.34109126,sell
1499527229,42134564,0.0012827,9.87848187,sell
1499527229,42134563,0.0012827,0.40321778,sell
1499527229,42134559,0.0012827,6.5997277,sell
1499527229,42134556,0.0012827,0.86083404,sell
1499527227,42134536,0.0012826,11.58122417,sell
1499527226,42134531,0.0012825,2.53122807,buy
1499527226,42134530,0.0012825,15.04350534,buy
1499527226,42134528,0.0012826,4.35869327,sell
1499527129,42134254,0.00128,67.83454958,buy
1499527128,42134251,0.00128,294.8476563,buy
1499527128,42134250,0.00128,113,buy
1499527128,42134248,0.0012799,94.54867818,buy
1499527083,42134115,0.001268,42.9505,sell
1499527066,42134090,0.0012798,46.27314633,buy
1499526935,42133982,0.00127,10,buy
1499526935,42133981,0.0012699,95.14902044,buy
1499526907,42133918,0.0012638,23.88264449,buy
1499526894,42133903,0.001263,16.28615201,buy
1499526878,42133895,0.0012659,2.98799052,buy
1499526866,42133885,0.0012632,38.87486542,buy
1499526860,42133876,0.0012637,49.98958399,buy
1499526860,42133875,0.0012638,6.52037948,buy
1499526859,42133871,0.0012638,16.48021343,buy
1499526757,42133631,0.001245,37.48567016,buy
1499526757,42133628,0.001245,36.6082008,buy
1499526751,42133605,0.001245,15.90612904,buy
1499526746,42133585,0.00124,15.90612904,buy
1499526740,42133572,0.00124,30.1157258,buy
1499526740,42133570,0.00124,3.92814516,buy
1499526738,42133552,0.0012399,1.14663038,buy
1499526688,42133439,0.0012398,111.2320599,sell
1499526686,42133426,0.0012398,115.7068881,sell
1499526685,42133417,0.0012398,90.5709602,sell
1499526685,42133416,0.0012398,16.02306017,sell
1499526670,42133346,0.0012399,168.6833696,buy
1499526647,42133293,0.0012398,68.7601372,buy
1499526647,42133292,0.0012394,126.2407571,sell
1499526549,42133072,0.0012394,0.8972406,sell
1499526548,42133070,0.0012394,6.87890914,sell
1499526548,42133064,0.0012394,52.73828465,sell
1499526538,42133029,0.0012388,102.85081,buy
1499526538,42133028,0.0012375,102.8610941,buy
1499526504,42132942,0.0012394,2348.126877,sell
1499526502,42132933,0.0012394,3392.36257,sell
1499526501,42132929,0.0012394,100.8581894,sell
1499526501,42132925,0.0012394,81.18571082,sell
1499526501,42132924,0.0012394,3280.29142,sell
1499526501,42132922,0.0012394,134.7839035,sell
1499526500,42132913,0.0012394,95.4773116,sell
1499526499,42132908,0.0012394,2538.58387,sell
1499526494,42132878,0.0012394,4468.541325,sell
1499526493,42132876,0.0012394,195.4438438,sell
1499526493,42132874,0.0012394,816.709794,sell
1499526493,42132872,0.0012394,4342.825501,sell
1499526493,42132869,0.0012394,191.3374697,sell
1499526492,42132865,0.0012394,3929.244144,sell
1499526492,42132860,0.0012394,257.3029611,sell
1499526492,42132858,0.0012394,5159.535295,sell
1499526491,42132854,0.0012394,139.9401727,sell
1499526490,42132847,0.0012394,130.1851057,sell
1499526490,42132845,0.0012394,9088.641772,sell
1499526490,42132842,0.0012394,91.17013877,sell
1499526489,42132834,0.0012394,9087.099533,sell
1499526489,42132833,0.0012394,130.3530912,sell
1499526466,42132792,0.0012394,60,buy
1499526459,42132781,0.001239,274.7911138,sell
1499526458,42132774,0.001239,17.80398708,sell
1499526458,42132766,0.001239,12.60039548,sell
1499526458,42132765,0.001239,1.6435351,sell
1499526458,42132761,0.001239,96.60301856,sell
1499526450,42132752,0.001236,57.53158576,sell
1499526385,42132650,0.001235,95.35123886,sell
1499526369,42132619,0.001235,94.27665588,buy
1499526328,42132517,0.001235,3.482834,buy
1499526303,42132482,0.001235,2.14051012,buy
1499526255,42132383,0.00123,138.4432439,sell
1499526254,42132382,0.00123,145.5226341,sell
1499526254,42132374,0.00123,152.9613902,sell
1499526253,42132372,0.00123,152.9613902,sell
1499526228,42132252,0.00123,103.4738049,sell
1499526227,42132249,0.00123,103.4738618,sell
1499526218,42132199,0.00123,90.53595121,sell
1499526204,42132166,0.00123,93.18839024,sell
1499526193,42132147,0.00123,56.02976425,buy
1499526186,42132134,0.0012299,0.1,buy
1499526177,42132085,0.0012299,1,sell
1499526174,42132078,0.0012299,1,buy
1499526173,42132074,0.0012299,1,sell
1499526172,42132072,0.0012299,1,sell
1499526172,42132071,0.0012299,1,sell
1499526170,42132066,0.0012299,1,sell
1499526168,42132062,0.0012299,1,sell
1499526165,42132038,0.0012299,1,buy
1499526116,42131836,0.0012299,56.02976425,buy
1499526108,42131807,0.00123,2.24669918,buy
1499526106,42131787,0.00123,2.24669918,buy
1499526099,42131721,0.0012299,1.56955284,buy
1499526098,42131717,0.0012299,4.47350406,buy
1499526096,42131687,0.00123,2.33021138,buy
1499526096,42131680,0.00123,37.04662601,buy
1499526010,42131213,0.0012269,17.9036,sell
1499525966,42130908,0.0012269,258.8674709,sell
1499525963,42130885,0.0012269,65.56049392,sell
1499525962,42130879,0.0012269,65.56049392,sell
1499525959,42130852,0.0012269,77.72917923,sell
1499525949,42130785,0.0012269,258.8674709,sell
1499525948,42130777,0.0012269,114.9289184,sell
1499525933,42130726,0.0012269,258.8674709,sell
1499525914,42130668,0.0012269,503.3533354,sell
1499525913,42130665,0.0012269,503.3533354,sell
1499525913,42130663,0.0012269,503.3533354,sell
1499525912,42130659,0.0012269,503.3533354,sell
1499525912,42130655,0.0012269,503.3533354,sell
1499525911,42130652,0.0012269,503.3533354,sell
1499525906,42130643,0.0012269,503.3533354,sell
1499525906,42130640,0.0012269,503.3533354,sell
1499525906,42130634,0.0012269,503.3533354,sell
1499525905,42130627,0.0012269,503.3533354,sell
1499525900,42130613,0.0012269,8.15878229,sell
1499525899,42130609,0.0012269,258.8674709,sell
1499525899,42130607,0.0012269,503.3533354,sell
1499525899,42130604,0.0012269,258.8674709,sell
1499525899,42130601,0.0012269,503.3533354,sell
1499525899,42130595,0.0012269,258.8674709,sell
1499525898,42130591,0.0012269,503.3533354,sell
1499525898,42130587,0.0012269,503.3533354,sell
1499525894,42130580,0.0012269,258.8674709,sell
1499525894,42130578,0.0012269,258.8674709,sell
1499525894,42130575,0.0012269,258.8674709,sell
1499525893,42130571,0.0012269,258.8674709,sell
1499525893,42130567,0.0012269,258.8674709,sell
1499525893,42130566,0.0012269,258.8674709,sell
1499525892,42130557,0.0012269,258.8674709,sell
1499525892,42130556,0.0012269,503.3533354,sell
1499525891,42130547,0.0012269,157.7704051,sell
1499525891,42130546,0.0012269,503.3533354,sell
1499525890,42130539,0.0012269,258.8674709,sell
1499525890,42130537,0.0012269,258.8674709,sell
1499525881,42130510,0.0012269,50.57861445,sell
1499525879,42130490,0.0012269,175.009039,sell
1499525879,42130488,0.0012269,983.9927628,sell
1499525878,42130477,0.0012269,808.9837232,sell
1499525864,42130371,0.0012269,230.8226424,sell
1499525863,42130362,0.0012269,258.8674709,sell
1499525850,42130348,0.0012269,3054.132272,sell
1499525850,42130347,0.0012269,258.8674709,sell
1499525850,42130346,0.0012269,39.967133,sell
1499525850,42130340,0.0012269,230.8226424,sell
1499525849,42130336,0.0012269,259.1265975,sell
1499525849,42130334,0.0012269,116.3064772,sell
1499525849,42130323,0.0012269,258.8674709,sell
1499525849,42130320,0.0012269,258.8674709,sell
1499525848,42130310,0.0012269,258.8674709,sell
1499525847,42130308,0.0012269,192.4010107,sell
1499525847,42130303,0.0012269,503.3533354,sell
1499525847,42130294,0.0012269,503.3533354,sell
1499525847,42130291,0.0012269,438.8004537,sell
1499525846,42130290,0.0012269,503.3533354,sell
1499525846,42130288,0.001226,10068.7663,buy
1499525822,42130226,0.0012269,1.60837201,buy
1499525820,42130210,0.0012279,1.60837201,buy
1499525730,42129974,0.0012187,200,buy
1499525681,42129789,0.0012184,102.5676621,sell
1499525679,42129770,0.0012184,260.6734319,sell
1499525679,42129769,0.0012184,102.5676621,sell
1499525678,42129763,0.0012184,158.2640339,sell
1499525678,42129751,0.0012184,102.5676625,sell
1499525678,42129742,0.0012184,7787.175053,sell
1499525678,42129741,0.0012184,7810.642011,sell
1499525677,42129733,0.0012184,158.1057699,sell
1499525677,42129729,0.0012184,102.5676621,sell
1499525677,42129727,0.0012184,169.8404811,sell
1499525677,42129717,0.0012184,260.6734242,sell
1499525676,42129710,0.0012184,845.964942,sell
1499525676,42129709,0.0012184,169.8502402,sell
1499525676,42129703,0.0012184,49.0184258,sell
1499525675,42129689,0.0012184,260.6734324,sell
1499525674,42129672,0.0012184,170.0229974,sell
1499525674,42129671,0.0012184,7792.945917,sell
1499525674,42129662,0.0012184,260.6734242,sell
1499525673,42129642,0.0012184,18527.71185,sell
1499525673,42129638,0.0012184,169.8417761,sell
1499525673,42129635,0.0012184,260.6734324,sell
1499525673,42129630,0.0012184,260.6734242,sell
1499525585,42129295,0.0012184,0.1,buy
1499525584,42129292,0.0012185,0.1,buy
1499525583,42129291,0.0012184,0.1,buy
1499525582,42129280,0.0012184,0.1,buy
1499525500,42129131,0.0012184,50,buy
1499525468,42128975,0.0012179,216.6474505,buy
1499525467,42128969,0.00121,190.3235122,sell
1499525467,42128961,0.0012179,23.0366943,buy
1499525467,42128958,0.00121,218.2802066,sell
1499525467,42128950,0.00121,109.258258,sell
1499525467,42128949,0.0012101,109.0219486,sell
1499525456,42128872,0.00121,190.2990413,sell
1499525428,42128772,0.001214,526.5846363,buy
1499525428,42128771,0.0012139,273.4153637,buy
1499525427,42128767,0.00121,41.88072738,sell
1499525427,42128765,0.00121,109.1400992,sell
1499525426,42128759,0.00121,109.1400992,sell
1499525421,42128751,0.00121,109.1400992,sell
1499525419,42128710,0.00121,109.1400992,sell
1499525418,42128701,0.00121,109.1400992,sell
1499525418,42128696,0.00121,109.1400992,sell
1499525417,42128693,0.00121,109.1400992,sell
1499525417,42128692,0.00121,109.1400992,sell
1499525416,42128687,0.00121,109.1400992,sell
1499525416,42128683,0.00121,109.1400992,sell
1499525415,42128677,0.00121,109.1400992,sell
1499525414,42128673,0.00121,109.1400992,sell
1499525414,42128671,0.00121,109.1400992,sell
1499525413,42128665,0.00121,109.1400992,sell
1499525412,42128662,0.00121,109.1400992,sell
1499525412,42128659,0.00121,109.1400992,sell
1499525411,42128637,0.00121,109.1400992,sell
1499525408,42128595,0.00121,109.1400992,sell
1499525407,42128592,0.00121,109.1400992,sell
1499525407,42128587,0.00121,109.1400992,sell
1499525404,42128580,0.001212,11.08921875,buy
1499525402,42128575,0.00121,190.3710331,sell
1499525402,42128573,0.00121,190.3089091,sell
1499525401,42128565,0.00121,109.1400992,sell
1499525400,42128539,0.00121,190.3089091,sell
1499525399,42128537,0.00121,109.1400992,sell
1499525399,42128534,0.00121,109.1400992,sell
1499525399,42128532,0.00121,109.1400992,sell
1499525398,42128526,0.00121,109.1400992,sell
1499525397,42128517,0.00121,109.1400992,sell
1499525396,42128513,0.00121,109.1400992,sell
1499525378,42128481,0.00121,190.3477438,sell
1499525153,42127749,0.0012059,3.53556679,sell
1499525140,42127720,0.0012059,109.5111701,sell
1499525116,42127523,0.0012059,219.0223485,sell
1499525115,42127508,0.0012059,2,sell
1499525114,42127487,0.0012059,219.0223478,sell
1499525113,42127461,0.0012059,37.3089688,sell
1499525106,42127353,0.0012059,109.5111701,sell
1499525097,42127276,0.0012059,109.5111701,sell
1499525097,42127270,0.0012059,191.0104652,sell
1499525097,42127266,0.0012059,191.0104652,sell
1499525096,42127262,0.0012059,109.5111701,sell
1499525096,42127249,0.0012059,167.9261713,sell
1499525095,42127238,0.0012059,219.0223485,sell
1499525095,42127237,0.0012059,191.0494403,sell
1499525095,42127235,0.0012059,191.0104652,sell
1499525094,42127225,0.0012059,109.5111701,sell
1499525094,42127223,0.0012059,191.0104984,sell
1499525094,42127220,0.0012059,218.9955386,sell
1499525094,42127215,0.0012059,191.0104652,sell
1499525093,42127210,0.0012059,191.0494403,sell
1499525093,42127207,0.0012059,219.0223485,sell
1499525093,42127201,0.0012059,191.0494817,sell
1499525093,42127193,0.0012059,191.0494403,sell
1499525092,42127183,0.0012059,219.0223485,sell
1499525092,42127179,0.0012059,191.0338502,sell
1499525092,42127174,0.0012059,114.4632557,sell
1499525092,42127170,0.0012059,219.0223485,sell
1499525091,42127157,0.0012059,191.0416452,sell
1499525090,42127144,0.0012059,219.0223485,sell
1499525090,42127140,0.0012059,191.0338502,sell
1499525090,42127135,0.0012059,109.5111701,sell
1499525090,42127132,0.0012059,191.0338502,sell
1499525089,42127130,0.0012059,109.5111701,sell
1499525089,42127125,0.0012059,191.0416452,sell
1499525088,42127118,0.0012059,211.2128203,sell
1499525087,42127109,0.0012059,190.9948835,sell
1499525087,42127108,0.0012059,109.5111701,sell
1499525086,42127096,0.0012059,190.9948835,sell
1499525085,42127091,0.0012059,191.0494403,sell
1499525084,42127084,0.0012059,191.0338502,sell
1499525084,42127077,0.0012059,191.0260552,sell
1499525084,42127070,0.0012059,191.0260552,sell
1499525082,42127058,0.0012059,191.0650386,sell
1499525081,42127055,0.0012059,191.0494403,sell
1499525079,42127041,0.0012059,191.0650386,sell
1499525078,42127032,0.0012059,191.0650386,sell
1499525078,42127027,0.0012059,219.0223485,sell
1499525077,42127017,0.0012059,109.5111701,sell
1499525077,42127014,0.0012059,191.088465,sell
1499525077,42127012,0.0012059,191.0884319,sell
1499525076,42127007,0.0012059,191.0806286,sell
1499525076,42127001,0.0012059,109.5111701,sell
1499525076,42126999,0.0012059,191.0806286,sell
1499525076,42126990,0.0012059,191.0806286,sell
1499525075,42126977,0.0012059,191.0884319,sell
1499525075,42126971,0.0012059,191.0806286,sell
1499525074,42126965,0.0012059,191.0806286,sell
1499525074,42126963,0.0012059,191.0806286,sell
1499525074,42126957,0.0012059,83.44856953,sell
1499525073,42126950,0.0012059,94.31439588,sell
1499525073,42126941,0.0012059,190.9247865,sell
1499525073,42126938,0.0012059,109.5111701,sell
1499525072,42126932,0.0012059,191.1664898,sell
1499525072,42126928,0.0012059,191.1820715,sell
1499525072,42126926,0.0012059,26.17093457,sell
1499525071,42126922,0.0012059,191.1820715,sell
1499525071,42126914,0.0012059,191.0806286,sell
1499525069,42126907,0.0012059,191.1664566,sell
1499525069,42126900,0.0012059,191.1664898,sell
1499525069,42126898,0.0012059,191.1664566,sell
1499525068,42126886,0.0012059,191.1430467,sell
1499525067,42126881,0.0012059,191.1274401,sell
1499525067,42126879,0.0012059,191.1274401,sell
1499525066,42126874,0.0012059,191.0884319,sell
1499525066,42126870,0.0012059,191.0884319,sell
1499525065,42126861,0.0012059,191.1352434,sell
1499525064,42126858,0.0012059,109.5111701,sell
1499525062,42126853,0.0012059,122.3553777,sell
1499525062,42126849,0.0012059,191.1586616,sell
1499525061,42126845,0.0012059,191.1820798,sell
1499525060,42126840,0.0012059,219.0223485,sell
1499525060,42126837,0.0012059,191.1586616,sell
1499525060,42126834,0.0012059,219.0223485,sell
1499525059,42126829,0.0012059,219.0223485,sell
1499525059,42126824,0.0012059,191.1664649,sell
1499525058,42126817,0.0012059,191.1742848,sell
1499525057,42126813,0.0012059,191.1742848,sell
1499525056,42126808,0.0012059,191.1820881,sell
1499525053,42126801,0.0012059,219.0223485,sell
1499525053,42126799,0.0012059,191.2523758,sell
1499525053,42126792,0.0012059,191.2523758,sell
1499525052,42126784,0.0012059,109.5111701,sell
1499525050,42126777,0.0012059,191.2523758,sell
1499525049,42126772,0.0012059,191.2836305,sell
1499525049,42126770,0.0012059,191.2758106,sell
1499525048,42126765,0.0012059,191.2758106,sell
1499525047,42126758,0.0012059,191.2836305,sell
1499525047,42126753,0.0012059,191.2836305,sell
1499525046,42126745,0.0012059,191.2914421,sell
1499525046,42126739,0.0012059,191.2914421,sell
1499525045,42126726,0.0012059,191.2836305,sell
1499525045,42126724,0.0012059,191.2836305,sell
1499525044,42126720,0.0012059,191.2914421,sell
1499525044,42126718,0.0012059,191.299262,sell
1499525043,42126712,0.0012059,191.299262,sell
1499525043,42126702,0.0012059,191.299262,sell
1499525043,42126700,0.0012059,191.2914421,sell
1499525042,42126695,0.0012059,191.299262,sell
1499525042,42126692,0.0012059,2.5530641,sell
1499525041,42126686,0.0012059,191.299262,sell
1499525041,42126679,0.0012059,191.299262,sell
1499525039,42126675,0.0012059,191.299262,sell
1499525039,42126670,0.0012059,191.267999,sell
1499525039,42126664,0.0012059,99.63361804,sell
1499525039,42126659,0.0012059,191.2758106,sell
1499525038,42126657,0.0012059,191.2836305,sell
1499525038,42126651,0.0012059,191.2914421,sell
1499525037,42126644,0.0012059,191.299262,sell
1499525027,42126615,0.0012059,113.3854217,sell
1499525027,42126611,0.0012059,30.45721867,sell
1499525026,42126604,0.0012059,143.8426403,sell
1499525026,42126601,0.0012059,109.5111701,sell
1499525026,42126599,0.0012059,438.0446803,sell
1499525026,42126595,0.0012059,154.119728,sell
1499525025,42126591,0.0012059,218.9421511,sell
1499525023,42126572,0.0012059,27.24450617,sell
1499525023,42126566,0.0012059,219.0223485,sell
1499525022,42126558,0.0012059,109.5111701,sell
1499525017,42126541,0.0012059,109.5111701,sell
1499525017,42126539,0.0012059,109.5111701,sell
1499525017,42126537,0.0012059,191.2914421,sell
1499525016,42126527,0.0012059,109.5111701,sell
1499525016,42126525,0.0012059,191.0962352,sell
1499525016,42126521,0.0012059,109.5111701,sell
1499525015,42126514,0.0012059,109.5111701,sell
1499525015,42126506,0.0012059,109.5111701,sell
1499525014,42126501,0.0012059,109.5111701,sell
1499525014,42126496,0.0012059,191.0962352,sell
1499525014,42126495,0.0012059,109.5111701,sell
1499525013,42126487,0.0012059,191.0962352,sell
1499525013,42126485,0.0012059,109.5111701,sell
1499525013,42126480,0.0012059,219.0223485,sell
1499525013,42126478,0.0012059,191.0962352,sell
1499525013,42126472,0.0012059,109.5111701,sell
1499525012,42126467,0.0012059,191.0962352,sell
1499525011,42126457,0.0012059,109.5111701,sell
1499525011,42126455,0.0012059,109.5111701,sell
1499525011,42126450,0.0012059,109.5111701,sell
1499525011,42126449,0.0012059,191.0962352,sell
1499525010,42126437,0.0012059,191.0962352,sell
1499525010,42126435,0.0012059,109.5111701,sell
1499525010,42126433,0.0012059,191.0962352,sell
1499525009,42126427,0.0012059,109.5111701,sell
1499525009,42126421,0.0012059,191.0962352,sell
1499525009,42126420,0.0012059,109.5111701,sell
1499525008,42126412,0.0012059,191.0962352,sell
1499525008,42126408,0.0012059,109.5111701,sell
1499525007,42126404,0.0012059,191.0962352,sell
1499525007,42126402,0.0012059,109.5111701,sell
1499525006,42126394,0.0012059,109.5111701,sell
1499525006,42126393,0.0012059,109.5111701,sell
1499525005,42126387,0.0012059,109.5111701,sell
1499525005,42126383,0.0012059,109.5111701,sell
1499525004,42126380,0.0012059,109.5111701,sell
1499525004,42126373,0.0012059,109.5111701,sell
1499525003,42126371,0.0012059,191.0962352,sell
1499525003,42126368,0.0012059,109.5111701,sell
1499525003,42126360,0.0012059,109.5111701,sell
1499525003,42126358,0.0012059,191.2914421,sell
1499525002,42126351,0.0012059,109.5111701,sell
1499525002,42126347,0.0012059,191.0962352,sell
1499525002,42126341,0.0012059,109.5111701,sell
1499525002,42126338,0.0012059,191.0962352,sell
1499525001,42126326,0.0012059,109.5111701,sell
1499525001,42126324,0.0012059,191.0962352,sell
1499525000,42126320,0.0012059,109.5111701,sell
1499525000,42126316,0.0012059,214.0611825,sell
1499524999,42126313,0.0012059,191.2875227,sell
1499524999,42126311,0.0012059,219.0223485,sell
1499524999,42126309,0.0012059,109.5111701,sell
1499524999,42126303,0.0012059,219.0223485,sell
1499524999,42126302,0.0012059,109.5111701,sell
1499524998,42126299,0.0012059,109.5111701,sell
1499524998,42126297,0.0012059,191.0962352,sell
1499524997,42126285,0.0012059,109.5111701,sell
1499524997,42126282,0.0012059,191.0962352,sell
1499524997,42126279,0.0012059,109.5111701,sell
1499524996,42126273,0.0012059,109.5111701,sell
1499524995,42126266,0.0012059,112.3984327,sell
1499524994,42126262,0.0012059,191.299262,sell
1499524994,42126252,0.0012059,191.299262,sell
1499524993,42126247,0.0012059,191.299262,sell
1499524988,42126239,0.0012059,191.3148769,sell
1499524986,42126228,0.0012059,219.0133925,sell
1499524986,42126226,0.0012059,202.0796086,sell
1499524982,42126222,0.0012059,191.1742599,sell
1499524982,42126219,0.0012059,109.5111701,sell
1499524982,42126213,0.0012059,125.4039307,sell
1499524981,42126210,0.0012059,109.5111701,sell
1499524975,42126200,0.0012059,65.80664234,sell
1499524974,42126196,0.0012059,191.2796998,sell
1499524974,42126188,0.0012059,191.2796998,sell
1499524974,42126186,0.0012059,219.0223485,sell
1499524973,42126183,0.0012059,163.537076,sell
1499524970,42126175,0.0012059,181.2716229,sell
1499524969,42126168,0.0012059,191.2016668,sell
1499524969,42126165,0.0012059,191.2016668,sell
1499524968,42126157,0.0012059,191.2016668,sell
1499524967,42126148,0.0012059,191.2016668,sell
1499524966,42126137,0.0012059,191.2016668,sell
1499524966,42126133,0.0012059,191.2016668,sell
1499524965,42126114,0.0012059,191.2016668,sell
1499524963,42126067,0.0012059,4.004004,sell
1499524963,42126064,0.0012059,15.79164109,sell
1499524895,42125821,0.0012059,1,buy
1499524890,42125800,0.0012079,3,buy
1499524733,42124606,0.0011821,45.908,sell
1499524569,42123976,0.00118,18.41040764,sell
1499524563,42123962,0.0011801,22.86352677,sell
1499524561,42123956,0.0011801,41.27393441,sell
1499524560,42123954,0.0011801,41.27393441,sell
1499524560,42123952,0.0011801,41.27393441,sell
1499524470,42123764,0.001183,94.2024583,sell
1499524469,42123757,0.001183,107.8992719,sell
1499524431,42123558,0.0011821,21.04376964,sell
1499524431,42123557,0.0011821,4.93711943,sell
1499524163,42122672,0.0011772,253.7992851,buy
1499524163,42122671,0.0011772,59.18501847,buy
1499524163,42122670,0.0011769,132.4733501,buy
1499524163,42122667,0.0011769,64.99636232,buy
1499524163,42122664,0.0011769,2.02226034,buy
1499524163,42122662,0.0011769,15.50399594,buy
1499524163,42122658,0.0011769,38.80331638,buy
1499524121,42122499,0.0011764,111.9431911,sell
1499524110,42122461,0.0011764,436.820017,sell
1499524108,42122450,0.0011764,5364.786846,sell
1499524097,42122392,0.0011749,40.26150116,sell
1499524090,42122371,0.0011749,113.087892,sell
1499524089,42122368,0.0011749,2762.069244,sell
1499524089,42122358,0.0011749,1304.798915,sell
1499524089,42122357,0.0011749,6984.57317,sell
1499524089,42122355,0.0011749,866.1401645,sell
1499524088,42122352,0.0011749,723.4987193,sell
1499524088,42122347,0.0011749,3814.900804,sell
1499524088,42122344,0.0011749,94.36939817,sell
1499524088,42122339,0.0011749,112.9748041,sell
1499524087,42122331,0.0011749,107.1573988,sell
1499524085,42122316,0.0011749,790.3043055,sell
1499524084,42122311,0.0011749,11489.37989,sell
1499524084,42122310,0.0011749,3814.896209,sell
1499524066,42122246,0.0011749,155.1959997,sell
1499524063,42122237,0.0011749,215.3272557,sell
1499524063,42122236,0.0011749,2.94332901,sell
1499524060,42122222,0.0011749,131.709843,sell
1499524058,42122214,0.0011749,606.391849,sell
1499524058,42122211,0.0011749,155.1960037,sell
1499524058,42122209,0.0011749,341.1938345,sell
1499524057,42122206,0.0011749,2259.496923,sell
1499524057,42122200,0.0011749,428.3401386,sell
1499524056,42122187,0.0011749,3575.007235,sell
1499524054,42122178,0.0011749,1464.855116,sell
1499524054,42122175,0.0011749,874.7743648,sell
1499524053,42122169,0.0011749,139.7809491,sell
1499524053,42122160,0.0011747,234.9522356,buy
1499524053,42122159,0.0011747,90.97731244,buy
1499524053,42122158,0.0011747,305.3559435,buy
1499524053,42122157,0.0011743,453.9658083,buy
1499524053,42122156,0.0011738,146.6102097,buy
1499524027,42122058,0.0011737,100,buy
1499524012,42121986,0.0011755,50,buy
1499523984,42121866,0.0011758,297.5717012,buy
1499523984,42121865,0.0011749,762.4343209,buy
1499523984,42121864,0.0011748,139.9939778,buy
1499523822,42121285,0.001165,1.77738197,sell
1499523820,42121279,0.001165,1.77738197,sell
1499523819,42121278,0.001165,1.77738197,sell
1499523551,42120336,0.001165,357.3553921,sell
1499523551,42120335,0.0011651,123.5137239,sell
1499523551,42120334,0.0011651,1408.682637,sell
1499523550,42120331,0.0011651,82.80363938,sell
1499523550,42120330,0.001168,0.5,sell
1499523550,42120329,0.0011766,253.7992851,sell
1499523528,42120290,0.0011766,298.0168112,sell
1499523519,42120275,0.0011766,480.3882468,sell
1499523514,42120268,0.0011766,563.0228455,sell
1499523456,42120076,0.0011767,82.70239256,sell
1499523454,42120072,0.0011767,480.3882468,sell
1499523449,42120060,0.0011767,664.6085663,sell
1499523443,42120050,0.0011767,678.2492819,sell
1499523442,42120036,0.0011767,19.1117532,sell
1499523441,42120012,0.0011767,350.0268463,sell
1499523435,42120003,0.0011767,349.7199541,sell
1499523363,42119814,0.0011767,600,sell
1499523363,42119813,0.0011767,303.6243515,sell
1499523359,42119798,0.0011767,116.6090073,sell
1499523358,42119793,0.0011767,2831.681952,sell
1499523358,42119791,0.0011767,313.2776481,sell
1499523347,42119760,0.001182,0.00492878,sell
1499523346,42119756,0.001182,599.9950712,sell
1499523320,42119679,0.00118,3700.111427,sell
1499523269,42119537,0.00118,4.80247763,sell
1499523269,42119536,0.00118,36.81899517,sell
1499523269,42119535,0.00118,0.62641012,sell
1499523269,42119534,0.00118,18.72998901,sell
1499523267,42119514,0.00118,285.8294661,sell
1499523267,42119513,0.00118,2164.138716,sell
1499523265,42119506,0.001191,15.08863137,buy
1499523265,42119505,0.00118,2567.942519,sell
1499523019,42118647,0.0011914,229.7519621,sell
1499523006,42118611,0.0011915,290.2533635,buy
1499522995,42118598,0.0011949,290.2533635,buy
1499522990,42118583,0.0011916,60.50140135,sell
1499522990,42118582,0.0011916,229.7519621,sell
1499522636,42117784,0.0011896,290.2533635,sell
1499522630,42117756,0.0011967,67.57108715,buy
1499522627,42117749,0.0011967,5.15954211,buy
1499522626,42117747,0.0011967,71.29361516,buy
1499522622,42117732,0.0011894,290.2533635,buy
1499522608,42117698,0.0011894,52.36393322,buy
1499522446,42117320,0.0011996,5,buy
1499522187,42116702,0.0011968,65.50140135,sell
1499522187,42116701,0.0011968,229.7519621,sell
1499522172,42116669,0.0011967,174.8703504,buy
1499522171,42116668,0.0011967,120.3830131,buy
1499522171,42116667,0.0011967,40.59790636,buy
1499522170,42116665,0.0011967,254.6554571,buy
1499522149,42116633,0.0011967,160.9404569,sell
1499522122,42116590,0.0011984,91.89094701,buy
1499522121,42116587,0.0011966,295.2533635,buy
1499522121,42116586,0.0011966,162.3023982,buy
1499522118,42116565,0.0011966,120.4185594,buy
1499522118,42116564,0.0011966,12.53240586,buy
1499522118,42116563,0.0011966,253.698922,buy
1499522117,42116560,0.0011966,150.8829281,buy
1499522028,42116235,0.0011989,52.36393322,sell
1499522026,42116224,0.0011996,55.79763811,buy
1499522026,42116223,0.0011989,96.34369531,buy
1499522025,42116220,0.0011989,196.2412482,buy
1499522025,42116219,0.0011987,99.01211524,buy
1499522025,42116216,0.0011989,2.66841993,buy
1499522025,42116215,0.0011989,295.2533635,buy
1499522025,42116214,0.0011988,49.6955133,buy
1499522023,42116204,0.0011988,151.4597967,buy
1499522023,42116203,0.0011979,196.1575,buy
1499522015,42116177,0.001197,241.1887397,buy
1499522015,42116174,0.001197,1.63412235,buy
1499522013,42116135,0.0011979,54.06462377,buy
1499521988,42116048,0.0011771,337.3070093,sell
1499521987,42116045,0.0011998,0.23637892,buy
1499521987,42116044,0.0011998,1.81223837,buy
1499521985,42116038,0.0011999,0.23637892,buy
1499521985,42116037,0.0011999,1.81223837,buy
1499521985,42116035,0.0011999,13.89382751,buy
1499521965,42115981,0.0012006,7.04398343,sell
1499521963,42115977,0.0012006,74.90498995,sell
1499521956,42115971,0.0012006,159.2397663,sell
1499521956,42115970,0.0012006,54.06462377,sell
1499521948,42115940,0.0011998,344.3509928,buy
1499521947,42115939,0.0011999,0.23637892,sell
1499521947,42115938,0.0011999,1.81223837,sell
1499521947,42115937,0.0011999,1.81223837,sell
1499521947,42115936,0.0011999,13.89382751,sell
1499521947,42115935,0.0011999,0.23637892,sell
1499521945,42115913,0.0012006,388.6434919,buy
1499521945,42115911,0.0012006,1.28286292,buy
1499521945,42115910,0.0012005,1651.9682,buy
1499521945,42115909,0.0011998,213.3043901,buy
1499521940,42115867,0.0011999,532.1801817,buy
1499521940,42115859,0.0011999,135.446549,buy
1499521924,42115830,0.001201,135.446549,buy
1499521923,42115829,0.001201,321.4297401,buy
1499521923,42115828,0.0012009,1582.8185,buy
1499521923,42115827,0.0012008,95.75175986,buy
1499521907,42115780,0.0012015,213.3043901,buy
1499521907,42115779,0.0012015,362.3420548,buy
1499521907,42115778,0.0012015,86.657859,buy
1499521907,42115777,0.0012015,149.0376648,buy
1499521888,42115712,0.0012023,213.3043901,sell
1499521888,42115709,0.0012023,1038.46752,buy
1499521888,42115708,0.0012021,86.61176923,buy
1499521888,42115707,0.001202,425.9755481,buy
1499521888,42115706,0.001202,86.603108,buy
1499521824,42115507,0.0011909,0.0698259,buy
1499521824,42115506,0.0011908,698.21322,buy
1499521823,42115502,0.0011908,97.18630091,buy
1499521474,42114609,0.0011867,1500,buy
1499520964,42113703,0.0011899,27.3685,buy
1499520698,42113005,0.001175,55.76053495,sell
1499520691,42112985,0.0011764,65.86938663,sell
1499520690,42112982,0.0011771,20.77558443,buy
1499520687,42112973,0.0011772,20.77558443,sell
1499520682,42112953,0.0011772,135.6079549,buy
1499520679,42112947,0.0011772,6.79755113,buy
1499520621,42112734,0.0011801,6.79755113,sell
1499520621,42112733,0.0011801,156.3835393,sell
1499520534,42112430,0.001179,0.01326323,buy
1499520526,42112402,0.0011791,156.3835393,sell
1499520499,42112273,0.0011791,6.81081436,sell
1499520424,42112012,0.0011764,4.36211322,sell
1499520369,42111837,0.0011764,81.67692568,sell
1499520364,42111815,0.0011764,18.09157447,sell
1499520347,42111746,0.00118,81.53069122,buy
1499520339,42111718,0.00118,81.67692568,sell
1499520339,42111717,0.0011802,81.53069122,sell
1499520330,42111680,0.00118,18.32307432,sell
1499520330,42111679,0.0011801,81.67692568,sell
1499520329,42111678,0.0011834,0.05084911,sell
1499520329,42111675,0.0011834,81.47984211,sell
1499520225,42111168,0.0011801,87.6777881,sell
1499520215,42111142,0.001184,375,sell
1499520154,42110977,0.001194,4.29351813,buy
1499520144,42110912,0.0011941,4.29351813,sell
1499520142,42110909,0.0012,213.3043901,sell
1499520140,42110902,0.0012,379.9334214,sell
1499520140,42110899,0.0012,255.7621885,sell
1499520140,42110898,0.0012,4.28054195,sell
1499520140,42110897,0.0012,50,sell
1499520140,42110896,0.0012,100,sell
1499520140,42110895,0.0012,779.5608652,sell
1499520140,42110889,0.0012,54.29351813,sell
1499519995,42110574,0.0012087,327.4198726,buy
1499519813,42110141,0.0012062,582.1237086,sell
1499519811,42110132,0.0012062,1281.080708,sell
1499519758,42110013,0.0012062,136.7955834,buy
1499519755,42110011,0.0012062,1,buy
1499519539,42109615,0.0012063,45,buy
1499519459,42109494,0.0012076,5,buy
1499519393,42109395,0.0012021,180,buy
1499519368,42109334,0.001202,1664.806322,sell
1499519361,42109319,0.001202,115.0232523,sell
1499519358,42109310,0.001202,837.5276562,sell
1499519356,42109296,0.001202,730.4055039,sell
1499519354,42109291,0.0012021,317.7955834,sell
1499519300,42109187,0.0012095,1.06506808,sell
1499519298,42109168,0.0012095,81.61372481,sell
1499519298,42109167,0.0012097,1669.597278,sell
1499519290,42109142,0.0012095,27.40272247,buy
1499519258,42109080,0.0012095,137.9150808,buy
1499519258,42109075,0.0012095,137.9150808,buy
1499519256,42109067,0.0012095,19.58575184,buy
1499519256,42109066,0.0012095,35.96249209,buy
1499519256,42109065,0.0012095,40.50818884,buy
1499519256,42109064,0.0012095,41.85864784,buy
1499519050,42108595,0.0012091,5,buy
1499518902,42108184,0.0012021,232.3132456,sell
1499518872,42107973,0.001202,188.0856013,sell
1499518872,42107972,0.0012021,339.477823,sell
1499518862,42107950,0.001202,565.3108274,sell
1499518859,42107942,0.001202,346.9750466,sell
1499518855,42107938,0.0012021,346.9750466,sell
1499518854,42107936,0.001202,0.91356905,sell
1499518852,42107931,0.001202,1.7286356,sell
1499518851,42107924,0.001202,13.25284525,sell
1499518851,42107923,0.001202,8.96614808,sell
1499518851,42107921,0.001202,565.8659318,sell
1499518851,42107919,0.001202,1.16950083,sell
1499518851,42107914,0.001202,0.8708569,sell
1499518848,42107893,0.001202,31.33840266,sell
1499518845,42107890,0.001203,0.05510087,sell
1499518844,42107881,0.001203,346.9199457,sell
1499518844,42107875,0.0012033,9.26499653,sell
1499518843,42107873,0.0012033,346.9704118,sell
1499518799,42107803,0.001203,353.0249534,sell
1499518799,42107802,0.0012031,346.9750466,sell
1499518753,42107720,0.0012031,0.70683648,sell
1499518722,42107641,0.0012031,157.5094303,sell
1499518714,42107629,0.001205,78.63429045,sell
1499518709,42107618,0.001205,322.3098617,sell
1499518704,42107600,0.0012052,304.53573,sell
1499518287,42106323,0.001218,3.42845648,buy
1499518277,42106304,0.001218,0.85644499,buy
1499518276,42106302,0.001218,1.02278478,buy
1499518276,42106301,0.001218,0.68994816,buy
1499518240,42106113,0.0012183,6706.224551,sell
1499518239,42106112,0.0012183,8854.374002,sell
1499518239,42106109,0.0012183,728.1924651,sell
1499518238,42106105,0.0012175,993.2991058,buy
1499518238,42106104,0.0012174,1814.676513,buy
1499518230,42106073,0.001205,0.86723651,sell
1499518228,42106065,0.001205,0.86723651,sell
1499518227,42106059,0.001205,0.86723651,sell
1499518227,42106058,0.001205,0.86723651,sell
1499518225,42106056,0.001205,0.86723651,sell
1499517834,42105070,0.001205,174.3328279,sell
1499517830,42105043,0.001205,332.6115593,sell
1499517829,42105042,0.001205,390.7325836,sell
1499517823,42105015,0.0012051,374.9429622,sell
1499517822,42105014,0.0012051,374.5680192,sell
1499517822,42105009,0.0012051,67.76045269,sell
1499517822,42105008,0.0012051,324.3713982,sell
1499517821,42105003,0.0012051,1.32752461,sell
1499517821,42105002,0.0012051,123.9283264,sell
1499517821,42104999,0.0012051,10.17768864,sell
1499517821,42104985,0.0012051,2.10842143,sell
1499517821,42104984,0.0012051,16.16456431,sell
1499517820,42104976,0.0012055,56.46266614,sell
1499517820,42104975,0.0012056,267.8522481,sell
1499517587,42104441,0.001205,119.7142013,sell
1499517587,42104440,0.0012051,1401.6786,sell
1499517587,42104439,0.0012052,2000,sell
1499517587,42104438,0.0012085,67.69701283,sell
1499516979,42102767,0.0012263,326,buy
1499516874,42102554,0.0012275,0.69709241,buy
1499516774,42102310,0.001214,5.22850317,sell
1499516765,42102280,0.001214,9.40138151,sell
1499516761,42102242,0.0012138,3.07880985,sell
1499516760,42102232,0.0012137,20.98893821,sell
1499516760,42102230,0.0012137,20.98893821,sell
1499516752,42102204,0.0012134,8.0910567,sell
1499516724,42102131,0.0012126,6.52609205,sell
1499516707,42102013,0.0012309,23.42229587,buy
1499516707,42102012,0.0012116,54.10483855,buy
1499516707,42102011,0.0012116,6.52609205,buy
1499516706,42101999,0.0012117,408.2776701,sell
1499516705,42101998,0.0012117,216.7638962,sell
1499516705,42101997,0.0012117,56.07837558,sell
1499516705,42101996,0.0012117,84.05322647,sell
1499516705,42101995,0.0012117,84.05322647,sell
1499516705,42101994,0.0012118,407.92502,sell
1499516705,42101993,0.0012119,408.2776701,sell
1499516704,42101992,0.001231,84.05322647,buy
1499516696,42101913,0.0012309,27.97485089,buy
1499516681,42101835,0.0012113,56.07837558,sell
1499516668,42101790,0.0012107,56.07837558,buy
1499516668,42101788,0.0012108,84.05322647,sell
1499516666,42101782,0.0012108,84.05322647,buy
1499516651,42101699,0.0012107,84.05322647,buy
1499516646,42101678,0.0012108,99.7226214,buy
1499516644,42101677,0.0012108,99.71438599,buy
1499516644,42101674,0.0012108,99.71438599,buy
1499516643,42101670,0.0012108,32.3453134,buy
1499516643,42101669,0.0012108,122.7742433,buy
1499516642,42101666,0.0012108,17.35735877,buy
1499516614,42101571,0.0012051,2.19810788,sell
1499516477,42101274,0.001209,100.2653515,sell
1499516455,42101257,0.001209,1.73464846,sell
1499516069,42100917,0.0012142,77.7046615,buy
1499515950,42100780,0.0012149,0.29411518,buy
1499515942,42100751,0.001215,3.57653608,buy
1499515942,42100750,0.0012149,140.1316021,buy
1499515940,42100741,0.0012149,278.9883941,buy
1499515935,42100729,0.001215,0.10102521,buy
1499515882,42100614,0.0012154,2.254883,buy
1499515882,42100612,0.0012154,0.29411518,buy
1499515882,42100611,0.0012154,17.2874364,buy
1499515854,42100568,0.0012155,29.02902903,buy
1499515853,42100563,0.0012155,29.02902903,buy
1499515853,42100558,0.0012155,29.02902903,buy
1499515852,42100549,0.0012155,29.02902903,buy
1499515852,42100546,0.0012155,29.02902903,buy
1499515851,42100538,0.0012155,29.02902903,buy
1499515850,42100536,0.0012155,29.02902903,buy
1499515850,42100533,0.0012155,29.02902903,buy
1499515772,42100412,0.0012161,155,buy
1499515646,42100172,0.001205,6869.973875,sell
1499515646,42100171,0.001207,9983.429992,sell
1499515646,42100170,0.0012071,215.3661328,sell
1499515640,42100164,0.0012071,276.7476429,sell
1499515560,42100052,0.0012195,0.23358677,buy
1499515560,42100050,0.0012195,0.23358677,buy
1499515559,42100049,0.0012196,0.23358677,buy
1499515558,42100048,0.0012196,0.23358677,buy
1499515558,42100046,0.0012196,0.23358677,buy
1499515527,42100001,0.0012236,419.2274945,sell
1499515527,42100000,0.0012071,742.6334201,sell
1499515527,42099999,0.00122,100,sell
1499515527,42099998,0.0012227,95.85506211,sell
1499515527,42099997,0.0012228,95.845477,sell
1499515496,42099959,0.001223,146.9645351,sell
1499515492,42099953,0.001238,693.0797819,buy
1499515492,42099952,0.0012349,924.7446963,buy
1499515346,42099729,0.0012398,90.1,buy
1499515346,42099728,0.001234,10,buy
1499515346,42099727,0.00123,99.9,buy
1499515245,42099374,0.0012227,0.73673018,sell
1499515216,42099243,0.0012227,0.73180665,sell
1499515200,42099218,0.0012225,382.6764011,buy
1499515199,42099217,0.0012144,37.94819778,sell
1499515199,42099216,0.0012144,262.0518022,sell
1499514982,42098890,0.0012228,79.15522937,buy
1499514966,42098869,0.0012229,49.787,buy
1499514962,42098855,0.0012231,0.7740479,buy
1499514935,42098830,0.0012131,538.2801884,buy
1499514930,42098822,0.0012236,0.75192254,buy
1499514930,42098821,0.0012235,538.22636,buy
1499514930,42098816,0.001213,0.7740479,buy
1499514930,42098814,0.001213,537.5061405,buy
1499514884,42098780,0.0012247,7.63480164,buy
1499514884,42098779,0.0012247,538.2801884,buy
1499514884,42098778,0.0012246,254.08501,buy
1499514873,42098776,0.00122,100,sell
1499514871,42098772,0.001225,94.3963402,buy
1499514870,42098771,0.001225,50,sell
1499514868,42098770,0.0012251,391.6388116,sell
1499514855,42098758,0.001227,151.0104564,sell
1499514855,42098756,0.001227,80.22602896,sell
1499514855,42098755,0.001228,400,sell
1499514855,42098754,0.001228,600,sell
1499514855,42098753,0.00123,0.74373328,sell
1499514845,42098737,0.00123,112.9370195,sell
1499514845,42098736,0.00123,416.3201751,sell
1499514845,42098735,0.0012301,391.0631252,sell
1499514668,42098606,0.0012339,1641,buy
1499514668,42098605,0.0012339,10,buy
1499514402,42098260,0.00123,72.9972121,sell
1499514394,42098257,0.0012339,27.0027879,buy
1499514124,42097974,0.00123,1110.682613,sell
1499514124,42097973,0.0012301,893.3173872,sell
1499513997,42097730,0.0012301,10,sell
1499513943,42097630,0.0012301,43.31211283,sell
1499513872,42097390,0.0012311,100,buy
1499513870,42097383,0.0012312,100,sell
1499513861,42097364,0.0012312,100,buy
1499513783,42097233,0.0012301,50,sell
1499513781,42097231,0.0012334,50,buy
1499513763,42097203,0.0012301,3.3705,sell
1499513513,42096759,0.0012281,23.51158957,sell
1499513506,42096756,0.001231,76.48841043,sell
1499513497,42096744,0.001231,21.79417546,sell
1499513497,42096743,0.001231,101.7174141,sell
1499513497,42096742,0.001231,100,sell
1499513493,42096737,0.001232,100,sell
1499513490,42096732,0.001233,100,sell
1499513482,42096723,0.001233,100,sell
1499513482,42096722,0.0012331,303.701394,sell
1499513482,42096721,0.001234,0.0114911,sell
1499513275,42096559,0.001234,296.8524878,sell
1499513275,42096558,0.0012341,242.8574284,sell
1499513265,42096539,0.0012341,81.12079416,sell
1499513238,42096505,0.001234,265.777577,sell
1499513235,42096490,0.001234,37.31541329,sell
1499513235,42096489,0.0012341,228.1893197,sell
1499513165,42096414,0.001234,0.04303079,sell
1499513165,42096413,0.0012341,265.5017062,sell
1499512815,42096049,0.001234,100,sell
1499512809,42096045,0.001232,137.1802967,sell
1499512803,42096037,0.001235,100,sell
1499512781,42096003,0.0012373,100,buy
1499512733,42095955,0.0012351,100,sell
1499512732,42095954,0.0012351,100,sell
1499512731,42095953,0.001235,100,sell
1499512730,42095948,0.0012388,50.67866655,buy
1499512722,42095937,0.001239,100,sell
1499512721,42095932,0.0012391,237.1256092,sell
1499512720,42095926,0.0012391,99.93165605,sell
1499512720,42095925,0.0012391,99.95223634,sell
1499512602,42095808,0.0012398,382.0784117,buy
1499512490,42095724,0.001233,100,sell
1499512416,42095592,0.0012334,100,buy
1499512258,42095217,0.0012367,277.3022474,buy
1499512220,42095136,0.001237,0.0541204,sell
1499512220,42095135,0.001237,99.9458796,sell
1499512175,42094971,0.0012371,20.86104952,buy
1499511988,42094616,0.0012281,48.36859376,sell
1499511895,42094332,0.0012527,576.4563392,buy
1499511895,42094331,0.0012527,75.75793745,buy
1499511608,42093755,0.001227,36.529022,sell
1499511599,42093722,0.001227,68.03433577,sell
1499511598,42093718,0.001227,68.03433577,sell
1499511477,42093492,0.001228,499.29721,sell
1499511477,42093491,0.001228,249.8417405,sell
1499511477,42093490,0.001229,700,sell
1499511477,42093489,0.0012291,72.96377705,sell
1499511117,42092853,0.0012281,34.35358684,sell
1499511116,42092851,0.0012281,17.40427489,sell
1499510769,42091768,0.0012319,0.9,sell
1499510727,42091616,0.001244,22.51732207,buy
1499510727,42091615,0.0012439,586.0322928,buy
1499510674,42091491,0.0012425,118.7171196,sell
1499510671,42091487,0.0012417,118.7171196,buy
1499510661,42091480,0.0012301,0.00002514,buy
1499510658,42091475,0.0012301,727.2667345,buy
1499510658,42091472,0.0012312,0.9,sell
1499510599,42091403,0.0012385,114.5313136,buy
1499510599,42091402,0.0012384,0.9,buy
1499510599,42091401,0.0012384,0.9,buy
1499510599,42091400,0.0012384,0.9,buy
1499510520,42091263,0.0012385,13.58796124,buy
1499510518,42091258,0.0012385,2.70000001,buy
1499510518,42091256,0.0012385,0.9,buy
1499510518,42091255,0.0012385,0.9,buy
1499510517,42091253,0.0012385,0.9,buy
1499510471,42091199,0.0012385,0.9,sell
1499510468,42091194,0.0012385,0.9,buy
1499510422,42091099,0.0012452,4.4,buy
1499510422,42091098,0.0012451,0.9,buy
1499510422,42091097,0.0012394,0.9,buy
1499510422,42091096,0.0012394,0.9,buy
1499510422,42091095,0.0012394,0.9,buy
1499510391,42091011,0.0012397,0.9,sell
1499510124,42090256,0.001226,50,sell
1499510025,42089855,0.0012251,2.23036734,sell
1499510024,42089847,0.0012251,17.09952653,sell
1499510024,42089846,0.0012251,1.70568979,sell
1499510024,42089845,0.0012251,13.0769551,sell
1499509864,42089397,0.001231,41.965974,sell
1499509811,42089250,0.0012211,100,sell
1499509804,42089232,0.0012462,118.7171196,buy
1499509804,42089231,0.0012459,141.11799,buy
1499509783,42089201,0.0012469,38.55493726,sell
1499509783,42089199,0.0012469,130.45258,buy
1499509783,42089198,0.0012468,52.833478,buy
1499509783,42089197,0.0012458,74.81344416,buy
1499509706,42089065,0.0012419,55.1147837,buy
1499509706,42089064,0.0012397,244.0194124,buy
1499509706,42089063,0.0012396,61.907328,buy
1499509706,42089062,0.0012395,22.40353862,buy
1499509706,42089061,0.0012391,38.55493726,buy
1499509699,42089051,0.0012395,21.59646138,buy
1499509699,42089050,0.0012391,22.40353862,buy
1499509595,42088871,0.0012424,0.52,buy
1499509469,42088717,0.001242,45.25183607,buy
1499509469,42088716,0.0012407,19.57017363,buy
1499509469,42088715,0.0012407,21.26407639,buy
1499509181,42088327,0.0012482,38.55493726,buy
1499509181,42088326,0.0012482,129.9282279,buy
1499509181,42088325,0.0012481,21.97464443,buy
1499509145,42088269,0.0012493,2.16143725,buy
1499509145,42088268,0.0012487,129.9282279,buy
1499509145,42088267,0.0012487,246.1808497,buy
1499509145,42088266,0.0012485,21.72948522,buy
1499509098,42088085,0.0012514,443.3955703,sell
1499509098,42088083,0.0012514,246.1808497,sell
1499509098,42088081,0.0012513,61.410742,buy
1499509098,42088080,0.0012511,17.55646715,buy
1499509094,42088062,0.0012516,246.1808497,buy
1499509094,42088061,0.0012515,152.445356,buy
1499509094,42088060,0.0012515,17.55628601,buy
1499509094,42088059,0.0012514,245.5966115,buy
1499509054,42087944,0.001234,375.1819729,sell
1499509052,42087942,0.0012475,775.109344,buy
1499509052,42087941,0.0012475,152.445356,buy
1499509009,42087872,0.0012507,1825.327927,buy
1499509009,42087871,0.0012506,22.22671667,buy
1499508950,42087756,0.001248,1292.805987,buy
1499508950,42087755,0.0012479,72.527953,buy
1499508950,42087754,0.0012479,26.01562433,buy
1499508950,42087753,0.0012479,163.0245857,buy
1499508950,42087752,0.0012479,295.5878524,buy
1499508950,42087751,0.0012479,150.0379979,buy
1499508941,42087736,0.0012489,325.8056243,buy
1499508941,42087735,0.0012489,1674.194376,buy
1499508935,42087721,0.0012498,651.4402029,buy
1499508935,42087720,0.0012498,26.01562433,buy
1499508935,42087719,0.0012498,1150.291317,buy
1499508935,42087718,0.0012498,150.0379979,buy
1499508935,42087717,0.0012496,22.21485807,buy
1499508931,42087705,0.00125,299.79,buy
1499508904,42087676,0.001237,160.8745319,buy
1499508904,42087675,0.001237,999.4,buy
1499508904,42087674,0.0012369,121.6625931,buy
1499508904,42087673,0.0012368,22.60921733,buy
1499508791,42087575,0.001237,40,buy
1499508704,42087338,0.001239,27.69112723,buy
1499508704,42087337,0.001239,40.57182664,buy
1499508636,42087146,0.0012251,556.052769,sell
1499508616,42087023,0.001285,76.71885965,sell
1499508616,42087021,0.001285,5889.912456,sell
1499508615,42087019,0.001285,10621.9036,buy
1499508615,42087018,0.001282,5035.87325,buy
1499508615,42087017,0.0012803,41.96597353,buy
1499508615,42087016,0.00127,598,buy
1499508615,42087015,0.001269,133.57,buy
1499508615,42087014,0.0012689,20000,buy
1499508615,42087013,0.00125,116.5814,buy
1499508615,42087012,0.00125,100,buy
1499508615,42087011,0.001249,19277.83665,buy
1499508615,42087010,0.001248,5397.757,buy
1499508615,42087009,0.0012425,49.01415294,buy
1499508615,42087008,0.0012423,743.6167412,buy
1499508615,42087007,0.0012418,302.98918,buy
1499508615,42087006,0.0012417,870.9857029,buy
1499508615,42087005,0.0012417,2000,buy
1499508615,42087004,0.0012416,144.77033,buy
1499508615,42087003,0.001241,3598.5047,buy
1499508363,42086063,0.001235,2,buy
1499508005,42085298,0.0012277,15.2017,buy
1499507958,42085211,0.0012013,407.7963635,sell
1499507958,42085210,0.00123,169.7329756,sell
1499507948,42085200,0.001235,693,buy
1499507942,42085187,0.00123,36.26702439,sell
1499507299,42084216,0.001233,275,buy
1499507240,42084056,0.001235,462.7543727,sell
1499507238,42084053,0.001235,273.8761215,sell
1499507228,42084037,0.001235,273.8761215,sell
1499507221,42084029,0.001235,273.8761215,sell
1499507217,42084009,0.001235,273.8761215,sell
1499507208,42083999,0.001235,273.8761215,sell
1499507197,42083992,0.001235,232.5412308,sell
1499507196,42083990,0.001235,273.8761215,sell
1499507193,42083979,0.001235,273.8761215,sell
1499507189,42083961,0.001235,232.5412308,sell
1499507189,42083959,0.001235,273.8761215,sell
1499507178,42083949,0.001235,273.8761215,sell
1499507164,42083937,0.001235,273.8761174,sell
1499507026,42083798,0.001235,273.8761215,sell
1499506866,42083659,0.0012418,41.96589889,sell
1499506866,42083652,0.0012418,1558.034101,sell
1499506714,42083309,0.001235,164.785406,sell
1499506696,42083292,0.0012413,41.32324176,buy
1499506662,42083184,0.001235,201.56,sell
1499506608,42083034,0.001235,1538.234794,sell
1499506608,42083033,0.001235,1454.945634,sell
1499506563,42082958,0.0012351,6.6209,sell
1499506556,42082951,0.0012351,9.99,sell
1499506431,42082716,0.001242,8.26336269,buy
1499506334,42082572,0.001245,5160.46899,buy
1499506025,42082140,0.0012426,29.67727953,buy
1499505859,42081820,0.00124,99.89996507,buy
1499505785,42081685,0.0012318,649.67,buy
1499505767,42081664,0.00124,0.00003493,buy
1499505767,42081663,0.0012392,426.0455187,buy
1499505767,42081662,0.0012391,28.22634634,buy
1499505406,42081140,0.0012318,240.2,sell
1499504847,42080332,0.001227,550.7722494,buy
1499504847,42080331,0.001227,384.7329025,buy
1499504847,42080330,0.0012269,166.0393469,buy
1499504847,42080329,0.0012269,380.2169331,buy
1499504846,42080323,0.001227,550.7722494,buy
1499504617,42079828,0.001249,32.49159327,buy
1499504604,42079795,0.001248,541.5044471,buy
1499504603,42079794,0.001248,541.5044471,buy
1499504603,42079788,0.001248,541.5044471,buy
1499504603,42079785,0.001248,541.5044471,buy
1499504596,42079712,0.001248,541.5044471,buy
1499504596,42079710,0.001248,51.83462457,buy
1499504596,42079709,0.001248,185.2869218,buy
1499504596,42079708,0.001248,541.5044471,buy
1499504596,42079704,0.001248,541.5044471,buy
1499504596,42079702,0.001248,541.5044471,buy
1499504596,42079699,0.001248,541.5044471,buy
1499504596,42079696,0.001248,541.5044471,buy
1499504590,42079651,0.001248,29.71538462,buy
1499504588,42079626,0.001248,222.8732692,buy
1499504588,42079623,0.001248,541.5044471,buy
