Timestamp,TradeId,Price,Amount,Type
1500163175,43880714,0.15824,0.207,buy
1500163068,43880393,0.15775,160.8162039,sell
1500163068,43880392,0.15775,109.1837961,sell
1500163068,43880391,0.1579,479,sell
1500163024,43880226,0.15991,0.00013676,sell
1500163023,43880223,0.15991,3484.323848,sell
1500162989,43879982,0.1572,319,sell
1500162926,43879722,0.1573,170.7106269,sell
1500162925,43879718,0.1617,149.3432187,buy
1500162925,43879717,0.1597,55.6106528,buy
1500162866,43879084,0.1572,1130.24173,sell
1500162866,43879083,0.15726,389.014854,sell
1500162866,43879082,0.15749,332.008757,sell
1500162866,43879081,0.15755,36.04647045,sell
1500162866,43879080,0.15766,2131.420617,sell
1500162866,43879079,0.15772,283.35691,sell
1500162866,43879078,0.15795,241.834908,sell
1500162866,43879077,0.15796,483.62145,sell
1500162866,43879076,0.15809,80.86309678,sell
1500162866,43879075,0.15818,206.397808,sell
1500162866,43879074,0.15819,412.75434,sell
1500162866,43879073,0.1584,176.153826,sell
1500162866,43879072,0.15851,4048.219089,sell
1500162866,43879071,0.15863,150.341882,sell
1500162866,43879070,0.15886,128.312447,sell
1500162866,43879069,0.15909,27.22086911,sell
1500162866,43879068,0.1598,1850,sell
1500162866,43879067,0.16,7892.190946,sell
1500162781,43878795,0.16,100,sell
1500162779,43878789,0.16,2.934034,sell
1500162762,43878748,0.16,107.7561456,sell
1500162762,43878742,0.16,107.7561456,sell
1500162761,43878736,0.16,107.7561456,sell
1500162752,43878711,0.16,1681.606583,sell
1500162752,43878710,0.16001,573.9938447,sell
1500162566,43878292,0.16001,100,sell
1500162547,43878215,0.16001,2.6458631,sell
1500162495,43877979,0.1591,30,sell
1500162397,43877799,0.15909,82.29031889,sell
1500162397,43877798,0.15932,224.2446641,sell
1500162397,43877797,0.15932,93.465017,sell
1500162299,43877536,0.16047,676.6397078,buy
1500162299,43877535,0.16046,99.99983162,buy
1500162299,43877534,0.16046,291.3604606,buy
1500162299,43877533,0.16046,0.62806364,buy
1500162092,43876713,0.1607,22.60460615,sell
1500162087,43876687,0.16061,71.86931545,sell
1500162063,43876517,0.16061,25.83288455,sell
1500162061,43876502,0.16061,97.45430943,sell
1500162060,43876488,0.16051,1238.202622,buy
1500162060,43876487,0.1605,107.788272,buy
1500162052,43876471,0.15935,147.1843967,sell
1500162049,43876467,0.15935,50,sell
1500162042,43876448,0.16051,3761.797378,buy
1500162042,43876447,0.1605,686.526799,buy
1500162042,43876446,0.16048,686.5618324,buy
1500162042,43876445,0.16048,107.788272,buy
1500162042,43876444,0.1602,687.0878595,buy
1500162042,43876443,0.1602,548.3220839,buy
1500161951,43876207,0.15955,5.95899,sell
1500161945,43876194,0.1606,0.00603606,sell
1500161944,43876191,0.16061,1786.476049,sell
1500161944,43876189,0.16061,184.9426508,sell
1500161943,43876182,0.1606,985.8019064,sell
1500161942,43876171,0.1606,291.9885242,sell
1500161942,43876170,0.1606,40000,buy
1500161942,43876169,0.1606,1115.596256,buy
1500161942,43876168,0.1606,308.851471,buy
1500161942,43876167,0.16059,291.9885242,buy
1500161927,43876134,0.15955,73.811192,sell
1500161927,43876133,0.15978,68.082104,sell
1500161927,43876132,0.16001,58.106704,sell
1500161828,43875668,0.1605,36.79974622,buy
1500161828,43875667,0.16047,1943.564524,buy
1500161828,43875666,0.1602,1952.319533,buy
1500161828,43875665,0.1602,1952.319533,buy
1500161828,43875664,0.16019,291.9885242,buy
1500161828,43875663,0.16014,268.0993388,buy
1500161767,43875499,0.16019,1604.517097,buy
1500161767,43875498,0.16018,501.8139832,buy
1500161764,43875480,0.15942,50.29154419,buy
1500161724,43875145,0.15851,25953.78091,sell
1500161724,43875144,0.15873,118.227996,sell
1500161724,43875143,0.15908,100.831633,sell
1500161724,43875142,0.15942,47.93749392,sell
1500161719,43875085,0.15942,38.05792108,sell
1500161718,43875084,0.15948,73.49379978,sell
1500161713,43875030,0.15976,73.342516,sell
1500161701,43874968,0.1598,107.749414,buy
1500161700,43874967,0.15983,107.762897,sell
1500161700,43874966,0.16,1,sell
1500161700,43874965,0.16,9.38438412,sell
1500161700,43874964,0.16011,62.551584,sell
1500161696,43874950,0.16055,48.01207561,sell
1500161696,43874949,0.16055,291.9885242,sell
1500161695,43874943,0.16055,145.3351885,sell
1500161694,43874939,0.16055,144.8724144,sell
1500161693,43874937,0.16055,400,sell
1500161690,43874910,0.1606,10873.05072,sell
1500161690,43874907,0.1606,1115.596256,sell
1500161688,43874898,0.1606,6768.374535,sell
1500161666,43874791,0.1606,4988.633719,sell
1500161659,43874753,0.1606,62.41646757,sell
1500161578,43874210,0.1606,2427.29,sell
1500161525,43874051,0.1606,5868.638301,sell
1500161525,43874050,0.16071,330.4285871,sell
1500161525,43874049,0.16086,66.12450279,sell
1500161525,43874048,0.16092,109.739079,sell
1500161525,43874047,0.16127,93.592232,sell
1500161525,43874046,0.16128,347.0172984,sell
1500161484,43873932,0.16162,79.821578,sell
1500161425,43873749,0.16197,68.077378,sell
1500161400,43873668,0.16162,71.63516757,sell
1500161400,43873667,0.16197,70.602878,sell
1500161392,43873637,0.16246,0.00004234,sell
1500161236,43873333,0.16246,321.819509,sell
1500161222,43873296,0.16246,0.1,sell
1500161201,43873232,0.16246,0.1,sell
1500161191,43873178,0.16246,327.9804486,buy
1500161026,43872793,0.161,4005.52,sell
1500160904,43871742,0.16171,224.382142,sell
1500160834,43871394,0.16172,0.2509612,sell
1500160824,43871318,0.16224,0.2509612,sell
1500160806,43871217,0.16224,58.50424459,sell
1500160806,43871216,0.1623,199.2120165,sell
1500160806,43871215,0.1624,0.2509612,sell
1500160805,43871204,0.1623,378.1573477,sell
1500160802,43871195,0.1623,268.9976002,sell
1500160798,43871183,0.1623,58.75520579,sell
1500160797,43871180,0.1623,125.8778298,sell
1500160796,43871176,0.1624,450.6195124,sell
1500160796,43871175,0.1624,327.7492718,sell
1500160795,43871165,0.1624,327.3999981,sell
1500160793,43871151,0.1625,155.2344883,sell
1500160793,43871146,0.1625,345.727673,sell
1500160793,43871144,0.1625,327.3999981,sell
1500160791,43871130,0.1625,2.10898567,sell
1500160790,43871122,0.1625,107.5288172,sell
1500160789,43871111,0.1625,3.64630698,sell
1500160788,43871088,0.1625,380.3171731,sell
1500160787,43871083,0.1625,329.3868856,sell
1500160787,43871080,0.1625,0.35162651,sell
1500160787,43871073,0.1625,2.10898567,sell
1500160787,43871068,0.1625,329.0352483,sell
1500160786,43871058,0.1625,214.3744264,sell
1500160786,43871057,0.16251,145.8498926,sell
1500160726,43870660,0.16298,10.4073311,buy
1500160676,43870121,0.163,214.0162262,buy
1500160676,43870120,0.16298,146.5686777,buy
1500160674,43870090,0.1625,398.0020881,sell
1500160674,43870089,0.16257,47.08913564,sell
1500160626,43869932,0.163,114.1973753,buy
1500160551,43869746,0.163,83.11654484,buy
1500160403,43869399,0.163,105.927761,buy
1500160399,43869395,0.163,360.5849039,buy
1500160340,43869323,0.163,78.47171859,buy
1500160291,43869236,0.163,5533.955092,sell
1500160274,43869192,0.1625,169.7766248,sell
1500160268,43869172,0.1625,26.01681103,sell
1500160268,43869171,0.16251,143.7598138,sell
1500160266,43869165,0.1625,194.3253595,sell
1500160251,43869131,0.163,500,sell
1500160231,43869097,0.163,3612.626419,buy
1500160231,43869096,0.16296,307.2860811,buy
1500160227,43869091,0.1625,264.1793584,sell
1500160227,43869087,0.1625,124.8030031,sell
1500160225,43869086,0.1625,613.6761405,sell
1500160225,43869085,0.16251,100.2998331,sell
1500160190,43869039,0.163,96387.37358,sell
1500160174,43869017,0.163,138.1970023,sell
1500160174,43869016,0.163,349.0680904,sell
1500160174,43869013,0.163,285.0239807,sell
1500160171,43869001,0.163,186.2312173,sell
1500160169,43868995,0.163,146.9651754,sell
1500160168,43868988,0.163,1106,sell
1500160167,43868980,0.163,481.1758415,sell
1500160166,43868978,0.163,277.1450195,sell
1500160162,43868964,0.163,340.2483171,sell
1500160162,43868961,0.163,202.2719806,sell
1500160161,43868949,0.163,100.2997943,sell
1500160150,43868929,0.16369,0.00556344,sell
1500160136,43868885,0.16369,24.99443656,sell
1500159909,43868299,0.16411,1.82893577,buy
1500159907,43868298,0.163,61171.93094,sell
1500159873,43868194,0.163,192.1142574,sell
1500159873,43868191,0.163,216.4896005,sell
1500159847,43868096,0.163,23.181795,sell
1500159746,43867917,0.16373,0.26008739,buy
1500159595,43867282,0.16373,100.2998331,buy
1500159595,43867281,0.16372,139.7001669,buy
1500159547,43867190,0.163,2524.252605,sell
1500159538,43867141,0.163,11.919476,sell
1500159537,43867136,0.163,110.627082,sell
1500159528,43867056,0.163,1463.747353,sell
1500159519,43867035,0.163,3995.602311,sell
1500159510,43867026,0.1637,2,buy
1500159446,43866861,0.163,637.835528,sell
1500159340,43866399,0.16411,2.75872585,buy
1500159340,43866397,0.16411,2.75872585,buy
1500159340,43866393,0.16411,2.75872585,buy
1500159339,43866390,0.16411,2.75872585,buy
1500159333,43866373,0.16411,2.75888263,buy
1500159177,43865835,0.16412,0.19347093,buy
1500159174,43865824,0.16411,2.80477916,buy
1500159174,43865822,0.16411,0.19347093,buy
1500159174,43865816,0.16411,2.80477916,buy
1500159174,43865813,0.16411,0.19347093,buy
1500159174,43865810,0.16411,2.80477916,buy
1500159174,43865808,0.16411,2.80477916,buy
1500159151,43865699,0.16411,10.69373536,buy
1500159105,43865506,0.16412,8.25255542,buy
1500159104,43865493,0.16412,2.92025475,buy
1500159095,43865441,0.16411,8.25255542,buy
1500159093,43865421,0.16411,44.53286474,buy
1500159093,43865418,0.16411,1.86665297,buy
1500159051,43865305,0.163,5000,sell
1500159003,43865223,0.16454,0.79025994,buy
1500158993,43865212,0.16454,17.69188982,buy
1500158918,43865109,0.163,150,sell
1500158867,43865055,0.163,549.3349459,sell
1500158867,43865054,0.1639,999,sell
1500158778,43864946,0.16454,160.9966597,buy
1500158738,43864851,0.16391,124.866106,sell
1500158582,43864604,0.165,100,buy
1500158544,43864503,0.165,1133.387697,buy
1500158501,43864373,0.165,1465.315545,buy
1500158501,43864369,0.165,148.9556233,buy
1500158501,43864367,0.165,4380.623935,buy
1500158464,43864243,0.1651,526.1736281,buy
1500158462,43864229,0.165,124.2378485,buy
1500158456,43864212,0.165,596.2310242,buy
1500158456,43864210,0.165,28.96972381,buy
1500158427,43864137,0.1651,1119.798993,buy
1500158427,43864136,0.16499,8880.201007,buy
1500158364,43863985,0.1647,6707.921649,buy
1500158364,43863982,0.1647,161.3783507,buy
1500158348,43863937,0.16478,20,buy
1500158286,43863786,0.165,2000,buy
1500158262,43863723,0.1649,762.0185104,sell
1500158247,43863693,0.1649,42.39914495,sell
1500158247,43863689,0.1649,42.39914495,sell
1500158247,43863687,0.1649,42.44158654,sell
1500158247,43863684,0.1649,67.34246818,sell
1500158243,43863674,0.1649,42.39914495,sell
1500158228,43863649,0.16478,24.87598076,sell
1500158212,43863547,0.16478,0.36530282,sell
1500158208,43863527,0.16478,16.1134424,sell
1500158175,43863328,0.16478,9.45831155,sell
1500158174,43863313,0.16478,0.17463029,sell
1500158174,43863312,0.16478,1.33883218,sell
1500158167,43863302,0.16478,47.6735,sell
1500158062,43863048,0.164,2.19321987,sell
1500158062,43863044,0.164,8.79036024,sell
1500158036,43862958,0.16499,1490.480071,buy
1500157985,43862885,0.1638,1574.995626,buy
1500157952,43862823,0.1637,411.8035872,buy
1500157952,43862822,0.16367,9588.196413,buy
1500157933,43862756,0.163,67.17738095,sell
1500157931,43862746,0.163,67.17738095,sell
1500157886,43862603,0.163,172.7015951,sell
1500157886,43862602,0.16301,27.29840487,sell
1500157791,43862502,0.16347,149.3157784,buy
1500157786,43862488,0.16347,149.3157784,buy
1500157785,43862486,0.16347,290.0159514,buy
1500157785,43862485,0.16347,164.1684112,buy
1500157784,43862483,0.16347,313.4841896,buy
1500157782,43862461,0.16347,145.9178124,buy
1500157782,43862457,0.16347,241.4580908,buy
1500157751,43862423,0.16363,51.38590879,sell
1500157737,43862383,0.16367,16.20520797,buy
1500157737,43862380,0.16367,40.86001045,buy
1500157734,43862354,0.16367,1.38758844,buy
1500157734,43862352,0.16367,10.63817806,buy
1500157734,43862348,0.16367,81.55936517,buy
1500157734,43862347,0.16367,0.35307682,buy
1500157734,43862340,0.16367,2.7069223,buy
1500157734,43862337,0.16367,3.39730435,buy
1500157734,43862330,0.16367,41.3671765,buy
1500157733,43862324,0.16367,1.91324213,buy
1500157733,43862319,0.16367,32.74195574,buy
1500157733,43862318,0.16367,14.66818964,buy
1500157733,43862296,0.16367,52.50208272,buy
1500157698,43862266,0.16366,7275.773004,sell
1500157653,43862215,0.16367,1.26083888,buy
1500157646,43862194,0.16366,631.2943679,sell
1500157623,43862162,0.16367,110.2424481,sell
1500157598,43862105,0.16367,18.73536402,sell
1500157597,43862103,0.1638,135.5395934,buy
1500157597,43862099,0.1638,18.754118,buy
1500157596,43862093,0.16368,11.71066257,sell
1500157595,43862088,0.1638,11.71066257,buy
1500157594,43862083,0.1638,8259,sell
1500157593,43862081,0.16367,11.31315504,sell
1500157591,43862078,0.16367,17.39955718,sell
1500157591,43862077,0.16367,1392.759596,sell
1500157591,43862076,0.16367,9.86519633,sell
1500157591,43862075,0.16382,202,sell
1500157524,43861928,0.16383,39.29593754,sell
1500157487,43861888,0.16539,31.76786938,buy
1500157445,43861806,0.16599,100,buy
1500157332,43861622,0.16628,200,buy
1500157330,43861618,0.16628,509.5645658,buy
1500157330,43861615,0.16628,208.628291,buy
1500157330,43861613,0.16628,174.4012543,buy
1500157330,43861612,0.16628,125.838855,buy
1500157329,43861610,0.16628,241.8823506,buy
1500157317,43861581,0.1662,51,buy
1500157110,43861156,0.16704,546.7052537,buy
1500157110,43861155,0.16703,3996.138634,buy
1500157110,43861154,0.16703,84.15009099,buy
1500157110,43861153,0.1655,500,buy
1500157110,43861152,0.16549,73.00602125,buy
1500157058,43860952,0.1641,1.05996406,sell
1500157058,43860951,0.1641,0.16200892,sell
1500157007,43860789,0.1638,2.88784944,sell
1500157005,43860786,0.16501,5.23854168,sell
1500157005,43860785,0.16501,9.52252451,sell
1500157005,43860784,0.16501,1.24206842,sell
1500157005,43860783,0.16501,27.875221,sell
1500157005,43860782,0.16501,0.13825618,sell
1500157003,43860775,0.16619,36.6473148,buy
1500157003,43860774,0.16619,29.2780178,buy
1500156978,43860698,0.16373,41.40596692,sell
1500156975,43860683,0.16652,3.86136591,buy
1500156975,43860682,0.16619,82.33134436,buy
1500156973,43860632,0.1662,86.19271027,sell
1500156973,43860627,0.1662,41.40596692,buy
1500156968,43860602,0.1662,115.7511265,buy
1500156968,43860601,0.1662,0.13825618,buy
1500156968,43860600,0.1662,8.12639112,buy
1500156968,43860599,0.1662,24.9398495,buy
1500156967,43860588,0.16336,441.6076626,sell
1500156967,43860587,0.16337,3672.2777,sell
1500156967,43860586,0.16338,1270.468036,sell
1500156967,43860585,0.16368,108.3576222,sell
1500156967,43860584,0.16371,69.93815385,sell
1500156967,43860583,0.16371,208.351395,sell
1500156967,43860582,0.16371,8.26703709,sell
1500156967,43860581,0.16371,3664.6509,sell
1500156967,43860580,0.16372,44.10009295,sell
1500156967,43860579,0.16372,34.37936395,sell
1500156966,43860572,0.1662,14.36350979,buy
1500156966,43860569,0.1662,27.29840487,sell
1500156966,43860568,0.1662,39.29593754,sell
1500156966,43860567,0.1662,127.5986772,sell
1500156966,43860566,0.1662,44.10009295,sell
1500156966,43860565,0.1662,34.37936395,sell
1500156966,43860564,0.1662,0.69307704,sell
1500156965,43860552,0.1662,69.24507681,sell
1500156965,43860551,0.1662,208.351395,sell
1500156964,43860548,0.16658,124.8661058,buy
1500156964,43860547,0.16649,200,buy
1500156964,43860546,0.1662,1036.844,sell
1500156963,43860537,0.1662,2879.376065,buy
1500156963,43860536,0.16619,831.2974,buy
1500156962,43860529,0.1662,4380.623935,buy
1500156952,43860478,0.16639,439.1706365,buy
1500156952,43860477,0.1646,560.8293636,buy
1500156913,43860339,0.1646,1,buy
1500156866,43860157,0.1646,0.54376991,buy
1500156847,43860022,0.1646,0.33804254,buy
1500156835,43859979,0.1646,240.2,buy
1500156828,43859950,0.1646,279,buy
1500156642,43858624,0.1646,58.09506745,buy
1500156640,43858610,0.16466,12808.92608,sell
1500156640,43858609,0.16467,25.07559664,sell
1500156640,43858608,0.16469,4000,sell
1500156640,43858607,0.16472,1994.6505,sell
1500156640,43858606,0.16473,30.33047902,sell
1500156640,43858605,0.165,1.0111,sell
1500156599,43858366,0.1669,5685.596095,buy
1500156599,43858365,0.1669,11262.8,buy
1500156535,43857706,0.167,1,buy
1500156530,43857684,0.1669,300,buy
1500156316,43856824,0.1624,910.5384715,sell
1500156312,43856809,0.1666,37.10878791,buy
1500156311,43856807,0.1666,40.11024367,buy
1500156309,43856798,0.1667,25.54093675,buy
1500156309,43856797,0.16669,11.56785116,buy
1500156303,43856791,0.16682,0.12802961,sell
1500156301,43856790,0.16739,0.12802961,buy
1500156300,43856788,0.16681,11.82391038,buy
1500156299,43856773,0.16681,0.12802961,sell
1500156295,43856765,0.1624,337.7920008,sell
1500156295,43856764,0.16526,0.12802961,sell
1500156295,43856763,0.16526,11.95193999,sell
1500156295,43856762,0.1668,0.12802961,sell
1500156291,43856755,0.1673,0.23496606,buy
1500156291,43856754,0.1673,0.7527255,buy
1500156291,43856753,0.1673,0.98156027,buy
1500156291,43856752,0.1673,1.80140657,buy
1500156291,43856751,0.1673,0.40650891,buy
1500156277,43856745,0.16231,383.6720042,sell
1500156277,43856744,0.16515,3.28366581,sell
1500156277,43856743,0.16516,4.94984443,sell
1500156277,43856742,0.16518,0.40650891,sell
1500156277,43856741,0.16518,0.7527255,sell
1500156277,43856740,0.16518,0.23496606,sell
1500156277,43856739,0.16518,1.80140657,sell
1500156277,43856738,0.16672,0.12802961,sell
1500156277,43856737,0.16672,11.95193999,sell
1500156277,43856736,0.16672,0.98156027,sell
1500156262,43856699,0.16667,3.57920558,sell
1500156262,43856698,0.16667,0.12802961,sell
1500156262,43856697,0.16668,0.23496606,sell
1500156243,43856550,0.1676,2.48722997,buy
1500156239,43856525,0.1651,3.28366581,buy
1500156238,43856523,0.16512,0.49467054,sell
1500156238,43856522,0.16512,30000,sell
1500156238,43856521,0.16513,17.75862164,sell
1500156238,43856520,0.1655,194.4078421,sell
1500156238,43856519,0.16551,388.7768,sell
1500156238,43856518,0.166,1119.569,sell
1500156238,43856517,0.166,331.6620241,sell
1500156238,43856516,0.16602,5.77089578,sell
1500156238,43856515,0.16602,21.93477362,sell
1500156238,43856514,0.16602,0.7527255,sell
1500156238,43856513,0.16617,0.23496606,sell
1500156238,43856512,0.16617,4.94984443,sell
1500156238,43856511,0.16617,11.95193999,sell
1500156238,43856510,0.16617,1.80140657,sell
1500156238,43856509,0.16617,0.40650891,sell
1500156238,43856508,0.16617,0.98156027,sell
1500156238,43856507,0.16617,0.12802961,sell
1500156237,43856489,0.1677,17.75862164,buy
1500156190,43856176,0.16769,4569.249813,buy
1500156189,43856170,0.16769,5745.360542,buy
1500156188,43856152,0.16649,4437.891026,buy
1500156188,43856147,0.16649,4380.623935,buy
1500156188,43856146,0.16649,7.988669,buy
1500156187,43856140,0.16655,39.72505337,sell
1500156187,43856139,0.16768,100,sell
1500156183,43856121,0.16769,50.38964584,buy
1500156178,43856093,0.16768,6.9428249,buy
1500156174,43856068,0.16768,5.29059327,buy
1500156174,43856066,0.16768,102.3153141,buy
1500156174,43856060,0.16768,6.95506566,buy
1500156173,43856059,0.16768,53.32217014,buy
1500156173,43856056,0.16768,0.90558587,buy
1500156173,43856055,0.16768,53.22832428,buy
1500156173,43856053,0.16768,6.9428249,buy
1500156173,43856049,0.16768,29.47800811,buy
1500156173,43856048,0.16768,20.4094459,buy
1500156173,43856045,0.16768,3.19446839,buy
1500156172,43856036,0.16768,1.4823484,buy
1500156172,43856035,0.16768,11.36467115,buy
1500156145,43855933,0.16768,23.83514026,buy
1500156142,43855928,0.16768,9.09141977,buy
1500156083,43855705,0.16771,2.07712068,buy
1500156034,43855212,0.16643,2.69333535,sell
1500156031,43855182,0.16643,26.18994688,sell
1500156031,43855176,0.16643,3.41623074,sell
1500155977,43854744,0.16784,0.79025994,buy
1500155968,43854725,0.166,429.7350528,sell
1500155968,43854724,0.16602,1.03645777,sell
1500155968,43854723,0.16602,0.13519014,sell
1500155968,43854722,0.16602,0.17052291,sell
1500155968,43854721,0.16602,1.30734233,sell
1500155968,43854720,0.16602,0.63904824,sell
1500155968,43854719,0.16602,0.21964797,sell
1500155968,43854718,0.16602,12.91042131,sell
1500155968,43854717,0.16602,0.14848448,sell
1500155968,43854716,0.16602,8.72758794,sell
1500155968,43854715,0.16602,1.13838101,sell
1500155968,43854714,0.16602,0.65597389,sell
1500155968,43854713,0.16624,122.504478,sell
1500155968,43854712,0.16625,7.94617643,sell
1500155968,43854711,0.16625,4.20197798,sell
1500155968,43854710,0.16625,4.13289436,sell
1500155968,43854709,0.16625,0.53907314,sell
1500155968,43854708,0.16625,5.02913312,sell
1500155968,43854707,0.16626,0.54808409,sell
1500155968,43854706,0.16626,98.97989671,sell
1500155968,43854705,0.1672,10.02295801,sell
1500155968,43854704,0.16728,60.92068605,sell
1500155968,43854703,0.16729,106.2712179,sell
1500155968,43854702,0.1675,50.32406634,sell
1500155968,43854701,0.16751,24.67133499,sell
1500155968,43854700,0.16752,1036.076985,sell
1500155968,43854699,0.16753,11.00692715,sell
1500155957,43854670,0.16752,64.32173786,sell
1500155957,43854669,0.16752,24.67133499,sell
1500155957,43854668,0.1676,11.00692715,sell
1500155956,43854666,0.16783,27.54975986,buy
1500155954,43854662,0.16758,205.4247875,buy
1500155954,43854661,0.16758,4.89936982,buy
1500155954,43854660,0.16758,38.55668701,buy
1500155954,43854659,0.16758,32.2151647,buy
1500155954,43854658,0.16759,1.68396799,sell
1500155946,43854630,0.16755,38.55668701,sell
1500155946,43854629,0.16755,11.00692715,sell
1500155946,43854628,0.16755,4.89936982,sell
1500155946,43854627,0.16755,1.68396799,sell
1500155946,43854626,0.16755,32.2151647,sell
1500155946,43854625,0.16755,232.9745474,sell
1500155906,43854491,0.16787,30.61085639,buy
1500155906,43854490,0.16786,378.3505798,buy
1500155872,43854285,0.16624,3664.068251,buy
1500155871,43854279,0.16716,7761.446,sell
1500155871,43854278,0.16717,78.67433127,sell
1500155861,43854190,0.16716,17.80009831,sell
1500155861,43854183,0.16715,2.32174922,sell
1500155861,43854175,0.16715,5.34943055,sell
1500155861,43854173,0.16715,22.55831962,sell
1500155860,43854167,0.16715,18.38136986,sell
1500155860,43854166,0.16715,2.39756861,sell
1500155860,43854162,0.16715,3.87866196,sell
1500155860,43854148,0.16715,2.80905131,sell
1500155860,43854147,0.16716,0.92233398,sell
1500155860,43854140,0.16716,22.24111881,sell
1500155860,43854138,0.16716,2.90101231,sell
1500155860,43854134,0.16716,2.40314418,sell
1500155860,43854131,0.16716,18.42410196,sell
1500155860,43854124,0.16716,3.42451969,sell
1500155860,43854118,0.16716,3.44390343,sell
1500155850,43853956,0.1679,1155.631935,buy
1500155839,43853847,0.1679,3282.581432,buy
1500155813,43853788,0.16787,202.2859538,buy
1500155794,43853730,0.16787,3813.682046,buy
1500155794,43853729,0.16786,202.2859538,buy
1500155789,43853703,0.1678,10,sell
1500155786,43853677,0.16669,1818.232632,sell
1500155786,43853676,0.16669,525.9820265,sell
1500155786,43853675,0.16669,1217.439636,sell
1500155786,43853674,0.16669,134.4448037,sell
1500155786,43853673,0.1667,135.2309018,sell
1500155773,43853554,0.16773,398.7000317,buy
1500155769,43853464,0.16774,398.7000317,buy
1500155768,43853450,0.16778,68.94449158,buy
1500155768,43853449,0.16778,409.0048686,buy
1500155767,43853414,0.16777,319.3040317,buy
1500155767,43853413,0.16776,79.396,buy
1500155764,43853356,0.16654,79.396,sell
1500155764,43853355,0.1666,320.604,sell
1500155764,43853339,0.1666,4002,sell
1500155764,43853338,0.1666,8121,sell
1500155751,43853183,0.16788,148.7999524,buy
1500155722,43852884,0.16623,200,sell
1500155693,43852783,0.16788,71.87379278,buy
1500155693,43852774,0.16788,26.88763824,buy
1500155678,43852634,0.16691,72.08118351,sell
1500155672,43852607,0.16689,58.09719102,sell
1500155520,43852250,0.1679,196,buy
1500155435,43852007,0.1679,130.744603,buy
1500155434,43852005,0.16722,287.0835239,sell
1500155434,43852004,0.16722,168.5319387,sell
1500155413,43851991,0.16699,17.62709266,sell
1500155408,43851978,0.168,0.00005627,sell
1500155408,43851977,0.168,999.9999437,sell
1500155408,43851976,0.168,700,sell
1500155408,43851975,0.168,270.0311899,sell
1500155408,43851967,0.16801,448.197969,sell
1500155408,43851965,0.16805,464.591442,sell
1500155402,43851956,0.1681,68.03658094,buy
1500155402,43851954,0.1681,67.62848148,buy
1500155402,43851953,0.1681,68.03658094,buy
1500155402,43851950,0.1681,68.03657032,buy
1500155402,43851948,0.1681,68.03658094,buy
1500155401,43851947,0.1681,68.03658094,buy
1500155401,43851944,0.1681,68.03658094,buy
1500155401,43851940,0.1681,68.03658094,buy
1500155361,43851872,0.1682,0.5,buy
1500155276,43851685,0.16821,0.5,buy
1500155232,43851604,0.168,4218.409876,buy
1500155228,43851598,0.168,2860.833076,buy
1500155227,43851595,0.168,630.2531617,buy
1500155223,43851580,0.168,630.2531617,buy
1500155221,43851570,0.168,630.2531617,buy
1500155221,43851568,0.168,5,buy
1500155218,43851551,0.168,630.2531617,buy
1500155218,43851550,0.168,5025.727108,buy
1500155217,43851548,0.168,630.2531617,buy
1500155214,43851540,0.168,630.2531617,buy
1500155213,43851537,0.168,630.2531617,buy
1500155210,43851531,0.168,630.2531617,buy
1500155208,43851525,0.168,630.2531617,buy
1500155206,43851521,0.168,630.2531617,buy
1500155204,43851516,0.168,630.2531617,buy
1500155202,43851507,0.168,465,buy
1500155201,43851504,0.168,630.2531617,buy
1500155198,43851500,0.168,630.2531617,buy
1500155197,43851496,0.168,630.2531617,buy
1500155195,43851486,0.168,630.2531617,buy
1500155191,43851474,0.168,630.2531617,buy
1500155189,43851459,0.168,630.2531617,buy
1500155184,43851439,0.168,630.2531617,buy
1500155182,43851424,0.16799,464.5914421,buy
1500155182,43851423,0.168,79.01768294,buy
1500155180,43851420,0.168,3801.455346,buy
1500155180,43851419,0.16799,1189.484668,buy
1500155179,43851411,0.16799,2345.892148,buy
1500155179,43851410,0.16787,543.609125,buy
1500155179,43851409,0.1678,4501.6517,buy
1500155179,43851408,0.1678,3535.376811,buy
1500155178,43851406,0.1678,543.609125,buy
1500155160,43851337,0.1678,158.7810057,buy
1500155159,43851328,0.1678,630.290679,buy
1500155159,43851323,0.1678,630.290679,buy
1500155150,43851283,0.16778,464.623184,buy
1500155150,43851282,0.16723,394.0858126,sell
1500155148,43851253,0.16723,168.5319387,buy
1500155148,43851252,0.16723,296.0912453,buy
1500155148,43851251,0.16722,121.7368815,buy
1500155148,43851248,0.16722,464.623184,buy
1500155147,43851246,0.16722,631.0795755,buy
1500155069,43851072,0.16665,397.113833,buy
1500155000,43850830,0.16664,354.0560998,buy
1500154997,43850823,0.16611,58.40802059,buy
1500154996,43850817,0.166,40.14828979,sell
1500154995,43850806,0.166,118.6984796,sell
1500154995,43850804,0.166,973.8425401,sell
1500154992,43850788,0.166,4443.467639,sell
1500154991,43850786,0.16611,281.0055114,buy
1500154991,43850785,0.1661,18.99448859,buy
1500154976,43850759,0.1661,1187.922062,buy
1500154905,43850662,0.1661,681.241671,buy
1500154901,43850643,0.1661,111.8417784,buy
1500154896,43850617,0.16561,119.0795822,buy
1500154895,43850615,0.16561,7.23780381,buy
1500154877,43850575,0.16561,69.17018899,buy
1500154873,43850549,0.16561,64.87717257,buy
1500154869,43850532,0.16561,13.95268943,buy
1500154859,43850508,0.16561,3.77959899,buy
1500154839,43850446,0.16555,16.12158517,buy
1500154781,43850361,0.16555,47.4387721,buy
1500154780,43850354,0.16555,47.4387721,buy
1500154780,43850353,0.16555,47.4387721,buy
1500154780,43850352,0.16555,47.4387721,buy
1500154780,43850351,0.16555,47.4387721,buy
1500154780,43850350,0.16555,23.5450289,buy
1500154780,43850348,0.16555,47.4387721,buy
1500154780,43850347,0.16555,47.4387721,buy
1500154780,43850341,0.16555,47.4387721,buy
1500154780,43850331,0.16555,47.4387721,buy
1500154780,43850329,0.16555,47.4387721,buy
1500154780,43850323,0.16555,47.4387721,buy
1500154780,43850321,0.16555,47.4387721,buy
1500154780,43850319,0.16555,47.4387721,buy
1500154779,43850314,0.16555,47.4387721,buy
1500154779,43850313,0.16555,47.4387721,buy
1500154779,43850310,0.16555,47.4387721,buy
1500154779,43850308,0.16555,47.4387721,buy
1500154779,43850306,0.16555,47.4387721,buy
1500154727,43850198,0.16555,95,buy
1500154726,43850197,0.16555,1,buy
1500154704,43850152,0.16555,1,buy
1500154678,43850094,0.1652,2105,sell
1500154667,43850073,0.16555,1,buy
1500154657,43850010,0.16555,6.43548813,buy
1500154657,43850009,0.16554,90.31692191,buy
1500154656,43850006,0.16554,69.39907083,buy
1500154656,43849995,0.16554,1,buy
1500154653,43849974,0.16555,1,buy
1500154650,43849959,0.16555,1,buy
1500154593,43849718,0.16561,10,buy
1500154554,43849664,0.16561,1,buy
1500154528,43849649,0.16561,1,buy
1500154493,43849610,0.16549,1,buy
1500154492,43849607,0.16549,255,buy
1500154485,43849596,0.16556,1,buy
1500154479,43849584,0.16557,467.6426096,sell
1500154479,43849582,0.16557,3623.2637,buy
1500154479,43849581,0.16555,467.6426096,buy
1500154473,43849544,0.1656,1,buy
1500154469,43849529,0.1656,580.13605,buy
1500154469,43849528,0.1656,580.13605,buy
1500154459,43849506,0.16514,247.946185,buy
1500154459,43849505,0.16513,495.84278,buy
1500154454,43849494,0.16513,227.3986038,sell
1500154453,43849490,0.165,8.94911,buy
1500154453,43849489,0.165,1,buy
1500154453,43849488,0.1649,2577.717135,buy
1500154453,43849487,0.1647,1990.715779,buy
1500154443,43849467,0.16471,23999.99988,sell
1500154443,43849466,0.16472,4000,sell
1500154443,43849465,0.1648,9.28434314,sell
1500154426,43849423,0.16471,0.000122,buy
1500154364,43849146,0.16471,211.919694,buy
1500154343,43849040,0.1645,399.97,buy
1500154343,43849039,0.1645,250,buy
1500154331,43849022,0.16449,50000,sell
1500154323,43849015,0.16449,50000,sell
1500154193,43848885,0.16449,330.5512596,buy
1500154193,43848884,0.1634,669.4487404,buy
1500154179,43848859,0.1634,184.3860724,buy
1500154179,43848858,0.1633,915.6139276,buy
1500154160,43848831,0.1633,84.38607239,buy
1500154160,43848830,0.1632,1000,buy
1500154160,43848829,0.1631,100,buy
1500154160,43848828,0.1631,100,buy
1500154160,43848827,0.1631,100,buy
1500154160,43848826,0.1631,100,buy
1500154160,43848825,0.1631,100,buy
1500154160,43848824,0.1631,100,buy
1500154160,43848823,0.1631,1000,buy
1500154160,43848822,0.1631,1000,buy
1500154160,43848821,0.1631,1000,buy
1500154160,43848820,0.1631,455.4709579,buy
1500154133,43848763,0.1631,34.31444941,buy
1500154133,43848761,0.1631,510.2145927,buy
1500154133,43848760,0.1631,138.9732134,buy
1500154122,43848736,0.16301,123.3488454,sell
1500154119,43848724,0.1631,47.84991513,buy
1500154119,43848723,0.1631,47.84991513,buy
1500154119,43848720,0.1631,0.28739609,buy
1500154119,43848719,0.1631,47.84991513,buy
1500154118,43848715,0.1631,47.84991513,buy
1500154118,43848710,0.1631,0.28739609,buy
1500154118,43848707,0.1631,47.84991513,buy
1500154118,43848706,0.1631,47.84991513,buy
1500154118,43848704,0.1631,47.84991513,buy
1500154118,43848702,0.1631,47.84991513,buy
1500154118,43848693,0.1631,47.84991513,buy
1500154118,43848692,0.1631,47.84991513,buy
1500154118,43848691,0.1631,47.84991513,buy
1500154118,43848687,0.1631,47.84991513,buy
1500154118,43848684,0.1631,0.28700439,buy
1500154118,43848682,0.1631,47.84991513,buy
1500154118,43848681,0.1631,47.84991513,buy
1500154118,43848674,0.1631,47.84991513,buy
1500154118,43848670,0.1631,45.00808416,buy
1500154114,43848641,0.1631,97.40817894,buy
1500154114,43848640,0.1631,902.5918211,buy
1500154109,43848631,0.1631,97.40817894,buy
1500154109,43848630,0.1631,38.57192806,buy
1500154099,43848612,0.1631,39.452006,buy
1500154096,43848606,0.1631,48.20444015,buy
1500154094,43848590,0.1631,47.80611124,buy
1500154093,43848586,0.1631,1.11169809,buy
1500154093,43848583,0.1631,47.80611124,buy
1500154093,43848580,0.1631,47.80611124,buy
1500154093,43848579,0.1631,47.80611124,buy
1500154092,43848569,0.1631,23.31249323,buy
1500154091,43848560,0.163,300,sell
1500154090,43848558,0.1631,304.1680843,buy
1500154090,43848557,0.163,39.41255435,sell
1500154087,43848509,0.1631,353.9549052,buy
1500154076,43848336,0.163,1000,sell
1500154075,43848264,0.163,1000,sell
1500154073,43848149,0.163,1000,sell
1500154067,43848132,0.163,1000,sell
1500154061,43848108,0.163,21.41594012,sell
1500154058,43848088,0.163,431.4626562,buy
1500154041,43847945,0.163,47.264826,buy
1500154041,43847944,0.163,1.78568473,buy
1500154040,43847928,0.163,378.118612,buy
1500154036,43847877,0.163,47.12274035,buy
1500154036,43847873,0.163,47.12274035,buy
1500154036,43847865,0.163,47.12274035,buy
1500153887,43847508,0.1625,2500.343487,buy
1500153887,43847507,0.16255,7007.077,sell
1500153887,43847506,0.16256,492.579513,sell
1500153774,43847273,0.16349,599.94,buy
1500153670,43847031,0.162,3496.981652,sell
1500153670,43847030,0.16201,87.14073711,sell
1500153670,43847029,0.16201,415.8776106,sell
1500153529,43846544,0.1613,418.42148,sell
1500153485,43846353,0.1625,6000,sell
1500153485,43846352,0.1625,4000,sell
1500153478,43846346,0.16251,521.7669868,sell
1500153478,43846345,0.16251,234.2850408,sell
1500153432,43846130,0.16449,298.6227979,buy
1500153432,43846129,0.1643,1.3772021,buy
1500153340,43845717,0.1642,2465.868358,buy
1500153340,43845716,0.16417,318.8661699,buy
1500153337,43845699,0.1642,1691.405255,buy
1500153337,43845698,0.16419,644.8780318,buy
1500153337,43845697,0.16419,3426.8997,buy
1500153337,43845696,0.16419,3591.007,buy
1500153337,43845695,0.16419,645.810013,buy
1500153334,43845683,0.1643,140.6534093,buy
1500153334,43845682,0.1643,181.128048,buy
1500153334,43845681,0.16392,154.810297,buy
1500153334,43845680,0.16355,132.316493,buy
1500153334,43845679,0.16321,113.09102,buy
1500153334,43845678,0.16288,96.658991,buy
1500153334,43845677,0.16257,82.614523,buy
1500153334,43845676,0.16227,70.610703,buy
1500153334,43845675,0.16198,60.351028,buy
1500153334,43845674,0.16171,51.582075,buy
1500153334,43845673,0.16144,44.087244,buy
1500153334,43845672,0.16142,2872.096169,buy
1500153333,43845665,0.16142,135.7378986,buy
1500153332,43845651,0.16142,135.7378986,buy
1500153326,43845619,0.16142,355.2274339,buy
1500153326,43845618,0.16139,122.3532774,buy
1500153322,43845590,0.16139,477.6467227,buy
1500153305,43845468,0.16119,37.681405,buy
1500153290,43845420,0.161,146.864404,buy
1500153269,43845329,0.161,53.13559596,buy
1500153269,43845328,0.16099,399.96,buy
1500153269,43845327,0.16095,32.206329,buy
1500153241,43845230,0.16071,27.526777,buy
1500153239,43845228,0.16048,23.52716,buy
1500153239,43845227,0.16026,20.108684,buy
1500153239,43845219,0.16005,17.186909,buy
1500153239,43845218,0.15984,14.689666,buy
1500153239,43845217,0.15964,12.55527,buy
1500153239,43845216,0.15963,234.2850408,buy
1500153095,43844934,0.15831,600,sell
1500152923,43844687,0.15766,12.06482316,sell
1500152909,43844678,0.159,220,sell
1500152903,43844676,0.15901,220,sell
1500152873,43844635,0.1596,220,sell
1500152840,43844586,0.1596,5000,sell
1500152825,43844567,0.1596,5000,sell
1500152797,43844479,0.1596,5000,sell
1500152788,43844452,0.1596,5000,sell
1500152780,43844440,0.1596,612.449,sell
1500152775,43844434,0.15944,4472.928195,buy
1500152775,43844433,0.15901,4876.110338,buy
1500152772,43844432,0.15901,123.8896622,sell
1500152767,43844424,0.15944,204.3669831,buy
1500152765,43844416,0.15901,0.00630855,buy
1500152764,43844413,0.15901,4998.965256,buy
1500152764,43844412,0.15901,1.02843566,sell
1500152763,43844411,0.15944,322.7048215,buy
1500152763,43844410,0.15944,10.731,buy
1500152738,43844344,0.15896,0.00000523,buy
1500152737,43844340,0.15896,74.92897298,buy
1500152736,43844336,0.15896,3675.803668,buy
1500152736,43844335,0.15895,74.92897821,buy
1500152703,43844224,0.15895,419.26,buy
1500152648,43844071,0.1579,14.02031418,sell
1500152642,43844063,0.15895,3505.811022,buy
1500152623,43844048,0.15818,12.66507365,sell
1500152588,43843913,0.15896,128.7926341,buy
1500152587,43843906,0.15896,122.4172394,buy
1500152585,43843901,0.15896,998.0574802,buy
1500152545,43843851,0.1602,28.60324361,buy
1500152545,43843850,0.1602,89.16250544,buy
1500152545,43843849,0.1602,176.0525459,buy
1500152545,43843848,0.1602,154.4141453,buy
1500152545,43843847,0.1602,17.77013688,buy
1500152545,43843846,0.1602,219.2915344,buy
1500152545,43843845,0.1602,17.25434041,buy
1500152545,43843844,0.1602,126.3803776,buy
1500152545,43843843,0.1602,17.96184375,buy
1500152544,43843842,0.1602,2.31784393,buy
1500152543,43843837,0.1602,285.5095548,buy
1500152543,43843833,0.16022,2.31784393,sell
1500152543,43843832,0.16024,3.02115799,sell
1500152543,43843831,0.16026,176.0525459,sell
1500152543,43843830,0.16026,89.16250544,sell
1500152543,43843829,0.16026,126.3803776,sell
1500152543,43843828,0.16026,154.4141453,sell
1500152543,43843827,0.16026,17.96184375,sell
1500152543,43843826,0.16026,219.2915344,sell
1500152543,43843825,0.16026,28.60324361,sell
1500152543,43843824,0.16026,17.77013688,sell
1500152543,43843823,0.16026,2.31784393,sell
1500152543,43843822,0.16026,17.25434041,sell
1500152543,43843821,0.16027,285.4604622,sell
1500152543,43843820,0.16027,36.63738331,sell
1500152543,43843819,0.16027,132.2832766,sell
1500152543,43843818,0.16027,70.21384987,sell
1500152543,43843817,0.16027,1.16867545,sell
1500152543,43843816,0.16027,36.69643183,sell
1500152543,43843815,0.16027,0.61263061,sell
1500152511,43843731,0.16016,44.61429168,sell
1500152511,43843730,0.16016,89.16250544,sell
1500152511,43843729,0.16016,28.60324361,sell
1500152511,43843728,0.16016,126.3803776,sell
1500152511,43843727,0.16016,1.02844089,sell
1500152511,43843726,0.16016,2.31784393,sell
1500152511,43843725,0.16016,219.2915344,sell
1500152511,43843724,0.16017,285.8523995,sell
1500152503,43843669,0.16014,16.96452955,sell
1500152503,43843668,0.16014,1.16867545,sell
1500152494,43843636,0.1602,4891.25,sell
1500152494,43843635,0.16029,108.75,sell
1500152492,43843616,0.16013,230.385452,buy
1500152491,43843614,0.15751,848.3349459,sell
1500152491,43843613,0.15903,2274.658461,sell
1500152491,43843612,0.16,1050.365556,sell
1500152491,43843611,0.16001,0.61263061,sell
1500152491,43843610,0.16001,154.4141453,sell
1500152491,43843609,0.16001,28.60324361,sell
1500152491,43843608,0.16001,219.2915344,sell
1500152491,43843607,0.16003,70.21384987,sell
1500152491,43843606,0.16003,36.63738331,sell
1500152491,43843605,0.16003,132.2832766,sell
1500152491,43843604,0.16003,3.02115799,sell
1500152491,43843603,0.16003,17.25434041,sell
1500152491,43843602,0.16003,17.77013688,sell
1500152491,43843601,0.16003,17.96184375,sell
1500152491,43843600,0.16003,126.3803776,sell
1500152491,43843599,0.16003,1.16867545,sell
1500152491,43843598,0.16003,1.02844089,sell
1500152490,43843596,0.16013,14.51946162,buy
1500152490,43843590,0.16013,14.39285717,buy
1500152490,43843581,0.16013,111.3158721,buy
1500152490,43843578,0.16013,101.2531966,buy
1500152490,43843575,0.16013,13.20693873,buy
1500152490,43843573,0.16013,28.45540985,buy
1500152490,43843566,0.16013,19.60825316,buy
1500152489,43843564,0.16013,110.3452382,buy
1500152489,43843559,0.16013,137.5815369,buy
1500152489,43843554,0.16013,166.5251764,buy
1500152486,43843544,0.16013,12.88964791,buy
1500152486,43843542,0.16013,26.3930923,buy
1500152486,43843539,0.16013,112.6423496,buy
1500152482,43843532,0.16013,2789.060384,buy
1500152482,43843529,0.16013,66.2031776,buy
1500152482,43843524,0.16013,16.23741091,buy
1500152482,43843519,0.16013,124.486817,buy
1500152482,43843518,0.16013,16.0600201,buy
1500152482,43843514,0.16013,39.87057378,buy
1500152482,43843513,0.16013,28.60324361,sell
1500152482,43843512,0.16013,219.2915344,sell
1500152482,43843511,0.16013,36.63738331,sell
1500152482,43843510,0.16013,70.21384987,sell
1500152482,43843509,0.16013,132.2832766,sell
1500152482,43843508,0.16013,17.25434041,sell
1500152482,43843507,0.16013,3.02115799,sell
1500152482,43843506,0.16013,2.31784393,sell
1500152482,43843505,0.16013,17.77013688,sell
1500152482,43843504,0.16013,17.96184375,sell
1500152482,43843503,0.16013,126.3803776,sell
1500152482,43843502,0.16013,1.02844089,sell
1500152482,43843501,0.16013,1.16867545,sell
1500152482,43843500,0.16013,19.60825316,sell
1500152482,43843499,0.16013,0.61263061,sell
1500152482,43843498,0.16013,154.4141453,sell
1500152477,43843437,0.16013,868.7246927,buy
1500152477,43843434,0.16013,107.5079394,buy
1500152476,43843414,0.16013,3647.28352,buy
1500152475,43843399,0.16013,111.2706883,sell
1500152475,43843398,0.16014,265.2131596,sell
1500152472,43843363,0.1605,4860.14297,sell
1500152456,43843343,0.16101,27.68728118,sell
1500152456,43843342,0.16101,472.3127188,sell
1500152454,43843332,0.1611,171.9509197,sell
1500152453,43843326,0.1611,19.551095,sell
1500152453,43843324,0.1611,192.9849862,sell
1500152453,43843319,0.1611,167.3042637,sell
1500152452,43843309,0.1611,80.03109105,sell
1500152450,43843273,0.16101,2675.303512,sell
1500152450,43843272,0.16102,81.59201126,sell
1500152450,43843271,0.16102,2941.53827,sell
1500152450,43843269,0.16102,976.8697183,sell
1500152449,43843260,0.16101,5730.987779,sell
1500152449,43843259,0.1612,1711.601221,sell
1500152449,43843258,0.1612,997.065552,sell
1500152446,43843221,0.16101,63.36357301,sell
1500152445,43843200,0.16101,379.460505,sell
1500152443,43843181,0.16101,257.4676709,sell
1500152443,43843179,0.16101,379.460505,sell
1500152377,43842866,0.1602,0.61461,sell
1500152281,43842657,0.16124,1.17177229,buy
1500152278,43842634,0.1585,256.5398564,sell
1500152278,43842633,0.16126,1.17177229,sell
1500152278,43842629,0.16126,10.33981179,buy
1500152268,43842611,0.1649,7422.282865,buy
1500152268,43842610,0.1648,17962.8,buy
1500152268,43842609,0.16459,2.98049,buy
1500152268,43842608,0.16459,339.413532,buy
1500152268,43842607,0.1645,50000,buy
1500152268,43842606,0.16409,290.097036,buy
1500152268,43842605,0.164,329.4328189,buy
1500152268,43842604,0.16388,500,buy
1500152268,43842603,0.16363,247.946185,buy
1500152268,43842602,0.1632,211.919816,buy
1500152268,43842601,0.1628,181.128048,buy
1500152268,43842600,0.16251,10000,buy
1500152268,43842599,0.16242,154.810297,buy
1500152268,43842598,0.16241,2,buy
1500152268,43842597,0.16241,0.96,buy
1500152268,43842596,0.16219,3481.125572,buy
1500152268,43842595,0.16206,132.316493,buy
1500152268,43842594,0.16148,2250,buy
1500152268,43842593,0.16145,555.76194,buy
1500152268,43842592,0.16144,720.56299,buy
1500152268,43842591,0.16142,140.2004827,buy
1500152268,43842590,0.16127,5034.249,buy
1500152268,43842589,0.1609,34.58328036,buy
1500152268,43842588,0.16042,5.42915409,buy
1500152229,43842489,0.16046,7,buy
1500152192,43842426,0.16,2000,sell
1500152192,43842425,0.16004,73.27954431,sell
1500152192,43842424,0.16006,3468.026199,sell
1500152029,43842157,0.16127,8239.22713,sell
1500152028,43842156,0.16127,50.13839317,sell
1500152023,43842147,0.16127,206.310938,sell
1500152018,43842139,0.16127,214.1754443,sell
1500152016,43842137,0.16127,145.594477,sell
1500152013,43842129,0.16127,200.7126689,sell
1500152012,43842128,0.16127,54.53571184,sell
1500152012,43842125,0.16127,54.53571184,sell
1500152009,43842119,0.16127,114.3398855,sell
1500152009,43842118,0.16127,128.2888996,sell
1500152009,43842113,0.16127,134.8396255,sell
1500152009,43842112,0.16127,274.7073159,sell
1500152008,43842109,0.16127,119.8436177,sell
1500152008,43842103,0.16127,318.749189,sell
1500152008,43842102,0.16127,253.1584564,sell
1500152003,43842070,0.1614,60.34062199,sell
1500152003,43842066,0.1614,213.8217984,sell
1500152002,43842064,0.1614,147.7697759,sell
1500152002,43842062,0.1614,472.038694,sell
1500152001,43842057,0.1614,307.7241082,sell
1500152001,43842056,0.1614,247.8626032,sell
1500152000,43842052,0.1614,111.9490006,sell
1500152000,43842043,0.1614,255.4417634,sell
1500151999,43842041,0.1614,367.5335401,sell
1500151999,43842036,0.1614,332.8912018,sell
1500151999,43842034,0.1614,192.0745458,sell
1500151998,43842029,0.1614,283.2641183,sell
1500151998,43842025,0.1614,8.05642174,sell
1500151997,43842015,0.1614,4.90328939,sell
1500151997,43842014,0.1614,37.59188578,sell
1500151997,43842008,0.1614,160.247679,sell
1500151997,43842007,0.1614,26.81517591,sell
1500151997,43842006,0.1614,118.5364416,sell
1500151996,43842004,0.1614,8.08907275,sell
1500151996,43842003,0.1614,38.23545116,sell
1500151996,43842002,0.1614,0.13762128,sell
1500151996,43841996,0.1614,1.05509644,sell
1500151996,43841995,0.1614,62.01622441,sell
1500151996,43841987,0.1614,135.9145459,sell
1500151996,43841985,0.16134,231.5393256,buy
1500151996,43841984,0.16133,38.23545116,buy
1500151996,43841983,0.16128,135.9145459,buy
1500151995,43841980,0.16127,174.0739645,sell
1500151994,43841966,0.16128,63.03339978,sell
1500151994,43841965,0.16128,173.8998905,sell
1500151991,43841958,0.16128,154.1236602,sell
1500151990,43841949,0.16128,26.95826675,sell
1500151990,43841937,0.16128,67.69077981,sell
1500151990,43841936,0.16128,151.3339056,sell
1500151989,43841933,0.16128,0.11770657,sell
1500151989,43841932,0.16128,6.91853105,sell
1500151989,43841931,0.16128,1.01786491,sell
1500151989,43841930,0.16128,0.9024171,sell
1500151989,43841926,0.16128,59.82783745,sell
1500151989,43841923,0.16128,2.15561098,sell
1500151989,43841922,0.16128,16.526351,sell
1500151989,43841919,0.16128,201.0863614,sell
1500151989,43841912,0.16128,55.63029365,sell
1500151989,43841910,0.16128,35.38029873,sell
1500151989,43841908,0.16128,11.37673995,sell
1500151989,43841907,0.16128,87.22167291,sell
1500151988,43841903,0.16128,1.4839226,sell
1500151988,43841901,0.16128,0.19355512,sell
1500151988,43841890,0.16128,159.2712692,sell
1500151988,43841879,0.16128,127.9428989,sell
1500151987,43841872,0.16128,151.0531767,sell
1500151987,43841865,0.16128,249.8629707,sell
1500151986,43841858,0.16128,101.2751304,sell
1500151986,43841852,0.16128,449.5818067,sell
1500151984,43841832,0.16128,268.4122741,sell
1500151983,43841827,0.16128,97.1517604,sell
1500151983,43841826,0.16128,169.8458517,sell
1500151982,43841814,0.16128,228.5829444,sell
1500151982,43841811,0.16128,10.89777535,sell
1500151982,43841810,0.16128,178.5901955,sell
1500151982,43841805,0.16128,113.7277376,sell
1500151981,43841793,0.16128,159.8150401,sell
1500151980,43841790,0.16128,45.36976122,sell
1500151980,43841777,0.16128,2.84091568,sell
1500151980,43841776,0.16128,21.78035357,sell
1500151980,43841771,0.16128,31.27782062,sell
1500151979,43841758,0.16128,45.18246416,sell
1500151978,43841757,0.16128,95.81513643,sell
1500151978,43841756,0.16128,12.49762649,sell
1500151978,43841755,0.16128,1.63012519,sell
1500151978,43841754,0.16128,0.21262503,sell
1500151978,43841750,0.16128,127.3762545,sell
1500151978,43841739,0.16128,133.6145866,sell
1500151978,43841730,0.16128,121.6023361,sell
1500151977,43841722,0.16128,74.21605834,sell
1500151976,43841718,0.16128,27.05279259,sell
1500151975,43841702,0.16128,122.9857611,sell
1500151975,43841694,0.16128,308.8981437,sell
1500151974,43841692,0.16128,4.38043647,sell
1500151974,43841687,0.16128,128.586847,sell
1500151974,43841685,0.16128,101.2751304,sell
1500151973,43841682,0.16128,0.31023701,sell
1500151973,43841680,0.16128,2.37848377,sell
1500151973,43841677,0.16128,56.16151571,sell
1500151973,43841675,0.16128,139.8019904,sell
1500151973,43841672,0.16128,18.23504222,sell
1500151973,43841668,0.16128,17.62765796,sell
1500151972,43841662,0.16127,0.18143066,sell
1500151972,43841661,0.16127,0.12015098,sell
1500151972,43841660,0.16127,0.92115754,sell
1500151972,43841655,0.16127,37.69752938,sell
1500151972,43841654,0.16127,7.06220779,sell
1500151972,43841651,0.16127,54.14359303,sell
1500151972,43841649,0.16127,0.64135683,sell
1500151972,43841648,0.16127,4.91706905,sell
1500151972,43841643,0.16127,0.16698248,sell
1500151972,43841642,0.16127,9.81485913,sell
1500151972,43841641,0.16127,1.28019902,sell
1500151972,43841639,0.16127,10.66409117,sell
1500151972,43841636,0.16127,0.19207667,sell
1500151972,43841632,0.16127,251.8964683,sell
1500151972,43841631,0.16127,81.7580323,sell
1500151972,43841629,0.16127,1.39096842,sell
1500151972,43841623,0.16127,101.2751304,sell
1500151971,43841620,0.16127,196.400755,sell
1500151971,43841613,0.16127,72.41125075,sell
1500151970,43841600,0.16127,162.0339059,sell
1500151969,43841585,0.16127,24.8770855,sell
1500151969,43841578,0.16127,38.37371048,sell
1500151969,43841575,0.16127,49.15304068,sell
1500151969,43841567,0.16127,122.8627753,sell
1500151968,43841563,0.16127,137.3732291,sell
1500151968,43841561,0.16127,5.95813238,sell
1500151967,43841553,0.16127,3.69994641,sell
1500151967,43841549,0.16127,28.36625583,sell
1500151967,43841539,0.16127,217.474628,sell
1500151959,43841518,0.16128,193.3554437,sell
1500151958,43841511,0.16128,297.6577441,sell
1500151958,43841510,0.16128,40.96061294,sell
1500151884,43841206,0.162,22557.29757,buy
1500151884,43841205,0.16171,113.09102,buy
1500151884,43841204,0.16139,96.658991,buy
1500151884,43841203,0.16137,26.72617319,buy
1500151884,43841202,0.16136,691.5346718,buy
1500151884,43841201,0.16108,82.614523,buy
1500151884,43841200,0.16078,70.610703,buy
1500151884,43841199,0.1607,4982.511562,buy
1500151852,43841103,0.1607,17.48843819,buy
1500151812,43840959,0.1605,622.1068041,buy
1500151812,43840958,0.1605,36.70847393,buy
1500151812,43840957,0.1605,60.351028,buy
1500151793,43840860,0.1604,61.76913248,sell
1500151774,43840795,0.1604,1.16731446,sell
1500151757,43840703,0.1604,184.8891004,sell
1500151755,43840687,0.1604,194.8792454,sell
1500151753,43840652,0.1604,194.8791584,sell
1500151752,43840648,0.1604,691.5346718,sell
1500151752,43840634,0.16038,12553.39294,buy
1500151745,43840581,0.16038,446.6070611,buy
1500151745,43840580,0.16037,3756.4335,buy
1500151745,43840579,0.16036,691.5346718,buy
1500151745,43840578,0.16036,4000,buy
1500151745,43840577,0.16036,5.42476709,buy
1500151745,43840576,0.1603,5000,buy
1500151740,43840567,0.15971,168.4487113,sell
1500151739,43840566,0.15971,900,buy
1500151739,43840565,0.1596,5000,buy
1500151681,43840423,0.1579,6199.345056,sell
1500151673,43840396,0.1584,198.0901802,sell
1500151669,43840358,0.159,1024.568783,sell
1500151668,43840353,0.1596,1705.7012,buy
1500151668,43840352,0.1591,129.0143847,buy
1500151668,43840351,0.15907,1857.768713,buy
1500151668,43840350,0.15906,5.37812164,buy
1500151668,43840349,0.15906,302.137581,buy
1500151668,43840348,0.159,316.1141107,sell
1500151667,43840347,0.159,301.2772301,sell
1500151666,43840346,0.159,37.68714626,sell
1500151666,43840345,0.159,14.05242608,sell
1500151666,43840343,0.159,107.7355844,sell
1500151665,43840342,0.15907,2142.231287,buy
1500151665,43840341,0.15906,41.23230889,buy
1500151665,43840340,0.15906,168.2802626,buy
1500151665,43840339,0.15906,185.9746011,buy
1500151665,43840338,0.15906,0.99999631,buy
1500151661,43840297,0.1591,3115.457847,sell
1500151661,43840296,0.1591,185.7612188,sell
1500151661,43840295,0.1591,7318.157,sell
1500151661,43840292,0.1591,4380.623935,sell
1500151636,43840238,0.159,2198.564719,sell
1500151629,43840216,0.1596,20800,buy
1500151613,43840190,0.1589,3500,buy
1500151606,43840185,0.1583,5000,sell
1500151602,43840180,0.15861,500,sell
1500151493,43839977,0.1589,1740.491085,buy
1500151406,43839826,0.1574,9076.471911,sell
1500151388,43839786,0.1574,16870.085,sell
1500151379,43839775,0.1574,12292,sell
1500151369,43839752,0.1574,11292,sell
1500151350,43839727,0.1589,7310.38,buy
1500151347,43839706,0.1589,1299.076361,buy
1500151347,43839705,0.1589,5000,buy
1500151276,43839610,0.1592,1220,buy
1500151245,43839551,0.1564,47500,sell
1500151245,43839550,0.157,1000,sell
1500151245,43839549,0.1571,1000,sell
1500151170,43839380,0.15971,2100,buy
1500151147,43839346,0.16,1771.299247,sell
1500151147,43839345,0.16,1001,sell
1500151091,43839244,0.1604,904.330681,buy
1500151091,43839243,0.16023,51.582075,buy
1500151091,43839242,0.15997,44.087244,buy
1500151084,43839228,0.15971,3446.966497,sell
1500151082,43839217,0.15971,37.681405,buy
1500151075,43839196,0.1581,500,sell
1500151060,43839170,0.1581,500,sell
1500151039,43839145,0.1597,37.693671,buy
1500151039,43839144,0.15947,0.006329,buy
1500151036,43839139,0.15947,32.2,buy
1500151025,43839129,0.15924,27.526777,buy
1500151024,43839120,0.15901,0.02716,buy
1500151023,43839108,0.15901,23.5,buy
1500151022,43839107,0.15879,20.108684,buy
1500151022,43839106,0.15858,6.48692506,buy
1500151018,43839093,0.15858,10.69998394,buy
1500151018,43839092,0.15838,0.00001606,buy
1500151017,43839091,0.15838,14.68964994,buy
1500151017,43839090,0.15818,0.00001073,buy
1500151017,43839089,0.15818,12.55525927,buy
1500151017,43839088,0.15799,0.000005,buy
1500151017,43839087,0.15799,10.730995,buy
1500151000,43839043,0.1575,1,sell
1500150989,43839014,0.1575,3745.987277,buy
1500150988,43839013,0.1601,31.66272329,sell
1500150955,43838970,0.1575,434.7100113,sell
1500150955,43838969,0.1575,21174.28999,sell
1500150948,43838949,0.1575,20800.55067,buy
1500150948,43838948,0.1575,373.8116787,buy
1500150947,43838947,0.1575,4088.583935,sell
1500150931,43838919,0.15751,500,sell
1500150929,43838903,0.1575,37073.14035,buy
1500150929,43838902,0.1575,32392.63219,buy
1500150929,43838901,0.1575,298,buy
1500150928,43838893,0.15794,5000,sell
1500150928,43838892,0.15801,423.182525,sell
1500150928,43838891,0.159,20000,sell
1500150928,43838890,0.159,1000,sell
1500150928,43838889,0.16,607.1990721,sell
1500150928,43838888,0.16,3205.845867,sell
1500150883,43838845,0.16,20808.78771,sell
1500150883,43838844,0.1601,9191.212289,sell
1500150876,43838839,0.1624,14.2731283,buy
1500150871,43838830,0.1601,1500,sell
1500150856,43838799,0.1601,5000,sell
1500150853,43838797,0.1601,1500,sell
1500150850,43838784,0.1601,5000,sell
1500150839,43838761,0.16,5485.366422,sell
1500150839,43838760,0.1601,7504.805,sell
1500150839,43838759,0.1601,22191.21229,sell
1500150839,43838758,0.1601,391.616289,sell
1500150839,43838757,0.1601,14427,sell
1500150815,43838717,0.1601,5000,sell
1500150798,43838698,0.1601,500,sell
1500150784,43838655,0.16,500,sell
1500150776,43838644,0.1627,4900,buy
1500150770,43838633,0.1627,64.38929103,buy
1500150770,43838632,0.16251,70.610703,buy
1500150770,43838631,0.16223,0.00000597,buy
1500150768,43838623,0.1601,625.7216573,buy
1500150768,43838622,0.1601,125.166804,buy
1500150767,43838620,0.1601,625.1024578,buy
1500150767,43838616,0.1601,391.6615167,sell
1500150758,43838595,0.1608,1077.057495,buy
1500150757,43838591,0.1608,231.1978446,buy
1500150757,43838582,0.16088,1371.920269,buy
1500150757,43838581,0.16088,302.21,buy
1500150756,43838580,0.16088,109.21,sell
1500150756,43838579,0.16088,126.85,sell
1500150756,43838578,0.16089,38.36706839,sell
1500150756,43838577,0.16089,32.20632333,sell
1500150754,43838565,0.16223,60.35102203,buy
1500150754,43838564,0.16195,13.21500068,buy
1500150754,43838563,0.16195,38.36707432,buy
1500150754,43838562,0.16169,32.24362338,buy
1500150753,43838555,0.16169,11.84362062,buy
1500150753,43838554,0.16143,32.24361762,buy
1500150752,43838552,0.16143,5.43778738,buy
1500150752,43838551,0.16119,32.206329,buy
1500150752,43838550,0.16095,0.03728302,buy
1500150751,43838543,0.16095,27.48949398,buy
1500150751,43838542,0.16072,0.03124504,buy
1500150751,43838541,0.16072,23.49591496,buy
1500150751,43838540,0.1605,0.02480554,buy
1500150750,43838539,0.1605,20.08387846,buy
1500150750,43838538,0.16029,0.01886279,buy
1500150750,43838535,0.16029,17.16804621,buy
1500150750,43838534,0.16008,0.01248658,buy
1500150749,43838531,0.16008,14.67717942,buy
1500150749,43838530,0.15988,0.0059353,buy
1500150749,43838527,0.15988,12.5493347,buy
1500150749,43838526,0.15968,10.731,buy
1500150728,43838501,0.1592,1.3,sell
1500150724,43838496,0.1634,3708.737281,buy
1500150711,43838487,0.162,0.00653135,buy
1500150709,43838481,0.162,11482.81446,buy
1500150709,43838478,0.16201,237.8375336,sell
1500150699,43838463,0.162,0.00642946,buy
1500150699,43838462,0.162,166.487324,buy
1500150698,43838455,0.162,11554.16477,buy
1500150690,43838439,0.1634,124.79,buy
1500150682,43838424,0.1634,2777,buy
1500150682,43838423,0.1634,5000,buy
1500150680,43838408,0.158,22399.13373,buy
1500150679,43838399,0.15881,1099.804571,sell
1500150679,43838398,0.15891,10000,sell
1500150677,43838397,0.159,5000,sell
1500150677,43838396,0.16,1000,sell
1500150677,43838395,0.16001,1999.8,sell
1500150677,43838394,0.16037,500,sell
1500150651,43838364,0.165,346.1772318,buy
1500150651,43838363,0.165,345.1315871,buy
1500150634,43838323,0.1651,106.83,buy
1500150632,43838316,0.1652,16.776802,buy
1500150632,43838313,0.1652,690.8685894,buy
1500150629,43838303,0.16531,1036.350537,buy
1500150629,43838302,0.16531,204.0585666,sell
1500150618,43838277,0.15632,1049.10212,sell
1500150618,43838276,0.15673,0.45797807,sell
1500150618,43838275,0.157,5000,sell
1500150618,43838274,0.15714,24.80292722,sell
1500150618,43838273,0.15721,3925.636975,sell
1500150618,43838272,0.15721,2650,sell
1500150617,43838269,0.15721,3424.363025,sell
1500150617,43838268,0.158,16575.63697,sell
1500150617,43838267,0.158,3149.363025,sell
1500150617,43838266,0.158,10,sell
1500150617,43838265,0.158,10000,sell
1500150617,43838264,0.15801,3612.428249,sell
1500150617,43838263,0.15836,0.30856678,sell
1500150617,43838262,0.15847,21.29235906,sell
1500150617,43838261,0.1585,50000,sell
1500150617,43838260,0.15891,10000,sell
1500150617,43838259,0.15902,7232.61,sell
1500150617,43838258,0.15903,7201.502,sell
1500150617,43838257,0.15903,3772.4958,sell
1500150617,43838256,0.1591,5000,sell
1500150611,43838247,0.15901,387.5717513,sell
1500150611,43838246,0.1598,17.7817909,sell
1500150611,43838245,0.16,100,sell
1500150611,43838244,0.16,1,sell
1500150611,43838243,0.16,93.64645779,sell
1500150611,43838242,0.16,440.5625422,sell
1500150611,43838241,0.16,0.1591555,sell
1500150611,43838240,0.16,11.1,sell
1500150611,43838239,0.16,4,sell
1500150611,43838238,0.1601,3200,sell
1500150611,43838237,0.1601,1000,sell
1500150611,43838236,0.16011,50,sell
1500150611,43838235,0.1602,1000,sell
1500150611,43838234,0.1603,1000,sell
1500150611,43838233,0.1604,2039.003789,sell
1500150611,43838232,0.161,1000,sell
1500150611,43838231,0.161,250,sell
1500150611,43838230,0.16113,14.27122274,sell
1500150611,43838229,0.1614,1000,sell
1500150611,43838228,0.162,154,sell
1500150611,43838227,0.1621,50000,sell
1500150611,43838226,0.16246,10.76065457,sell
1500150611,43838225,0.1625,5000,sell
1500150611,43838224,0.16379,7.25008641,sell
1500150611,43838223,0.16395,10020,sell
1500150611,43838222,0.164,5,sell
1500150611,43838221,0.1641,11551.4,sell
1500150611,43838220,0.16411,3655.7187,sell
1500150611,43838219,0.1644,675.7623513,sell
1500150611,43838218,0.16523,204.0114987,sell
1500150611,43838217,0.1653,7707,sell
1500150541,43838041,0.16751,0.1,buy
1500150541,43838040,0.16751,0.1,buy
1500150541,43838039,0.16751,0.1,buy
1500150541,43838038,0.16751,0.1,buy
1500150541,43838037,0.16751,0.1,buy
1500150541,43838036,0.16751,0.1,buy
1500150541,43838035,0.16751,0.1,buy
1500150541,43838034,0.16751,0.1,buy
1500150541,43838033,0.16751,0.1,buy
1500150541,43838032,0.16751,0.1,buy
1500150541,43838031,0.16751,0.1,buy
1500150541,43838030,0.16751,0.1,buy
1500150541,43838029,0.16751,0.1,buy
1500150488,43837962,0.167,4612.733642,buy
1500150488,43837961,0.1644,6922.882869,buy
1500150488,43837960,0.16439,454.3834888,buy
1500150487,43837955,0.1644,876.6171313,buy
1500150474,43837939,0.1645,15558.89905,sell
1500150341,43837686,0.1644,99.8,sell
1500150273,43837609,0.1644,1000,sell
1500150248,43837557,0.1643,151.3642522,sell
1500150228,43837497,0.16415,2670.09979,sell
1500150228,43837496,0.16416,59.91433664,sell
1500150228,43837495,0.16433,62.41076733,sell
1500150228,43837494,0.16451,64.90719803,sell
1500150228,43837493,0.16468,67.40362872,sell
1500150228,43837492,0.16485,69.90005941,sell
1500150228,43837491,0.165,279.3788187,sell
1500150228,43837490,0.16503,72.39649011,sell
1500150228,43837489,0.1652,74.8929208,sell
1500150228,43837488,0.16537,77.38935149,sell
1500150228,43837487,0.1654,1254.16,sell
1500150228,43837486,0.16555,79.88578219,sell
1500150228,43837485,0.16572,82.38221288,sell
1500150228,43837484,0.16589,84.87864357,sell
1500150228,43837483,0.1659,5000,sell
1500150208,43837437,0.16825,45.6165112,buy
1500150205,43837430,0.16591,2828.202847,sell
1500150205,43837429,0.16592,171.7971528,sell
1500150170,43837335,0.16593,500,sell
1500150154,43837293,0.16604,500,sell
1500150083,43837103,0.166,402.2665661,sell
1500150075,43837057,0.16592,622.7443094,sell
1500150075,43837056,0.16607,87.37507427,sell
1500150075,43837055,0.16624,89.87150496,sell
1500150075,43837054,0.16641,92.36793565,sell
1500150075,43837053,0.1665,1971.428691,sell
1500150075,43837052,0.1665,132.8286179,sell
1500150075,43837051,0.16666,106.04,sell
1500150071,43837042,0.1665,3804.363403,buy
1500150071,43837030,0.1665,5830.62394,buy
1500150070,43837027,0.1665,132.0057954,buy
1500150070,43837026,0.16659,94.86436635,sell
1500150070,43837025,0.16675,138.1424955,sell
1500150054,43836946,0.16865,139.85703,buy
1500150037,43836935,0.16673,66.65100296,sell
1500150037,43836934,0.16676,97.36079704,sell
1500149975,43836849,0.16782,0.00572581,buy
1500149974,43836838,0.16782,1290.57208,buy
1500149973,43836837,0.16782,969,sell
1500149973,43836836,0.16782,240.4221939,sell
1500149924,43836769,0.17,197.0382319,buy
1500149870,43836607,0.1684,1839.214649,buy
1500149870,43836606,0.16839,2560.7455,buy
1500149869,43836589,0.1668,11360.04345,sell
1500149869,43836588,0.16693,99.85722773,sell
1500149869,43836587,0.16711,102.3536584,sell
1500149869,43836586,0.16728,104.8500891,sell
1500149869,43836585,0.16745,107.3465198,sell
1500149869,43836584,0.16763,109.8429505,sell
1500149869,43836583,0.1678,112.3393812,sell
1500149869,43836582,0.16797,114.8358119,sell
1500149869,43836581,0.16815,117.3322426,sell
1500149869,43836580,0.16832,119.8286733,sell
1500149836,43836457,0.1685,122.325104,sell
1500149836,43836456,0.1685,338.4602468,sell
1500149825,43836444,0.17,213.75,buy
1500149775,43836368,0.1701,2052.75505,buy
1500149722,43836325,0.1686,177.9666667,sell
1500149704,43836287,0.1685,311.18,sell
1500149704,43836286,0.1685,2892.692164,sell
1500149704,43836285,0.1686,13196.6,sell
1500149704,43836284,0.169,87,sell
1500149704,43836283,0.1697,3773.707836,sell
1500149704,43836282,0.17,50,sell
1500149699,43836267,0.1701,901.7017463,buy
1500149698,43836264,0.1701,900.8369176,buy
1500149698,43836259,0.17017,53.10852072,sell
1500149642,43836154,0.1707,31.27718815,buy
1500149515,43835954,0.1707,270.8402103,buy
1500149512,43835949,0.1702,4754.75737,sell
1500149512,43835948,0.17033,122.8533942,sell
1500149432,43835676,0.1716,329.822393,buy
1500149404,43835637,0.1716,2,buy
1500149365,43835598,0.1716,9220.6,sell
1500149246,43835401,0.1742,1052.360936,sell
1500149245,43835394,0.1742,2318.639064,sell
1500149242,43835377,0.1721,2514.8135,buy
1500149242,43835376,0.17214,3485.1865,sell
1500149242,43835375,0.17215,4000,sell
1500149154,43835327,0.1745,1532.114344,buy
1500149148,43835320,0.17445,4533.6013,buy
1500149148,43835319,0.17445,466.3987,buy
1500149140,43835309,0.1745,805.0383731,buy
1500149140,43835308,0.1743,3494.961627,buy
1500149122,43835297,0.1743,1146.335806,buy
1500149122,43835296,0.1742,265.6641939,buy
1500149122,43835295,0.1741,6388,buy
1500149111,43835285,0.17396,1388.1,buy
1500149111,43835284,0.1739,6411.9,buy
1500149076,43835256,0.1745,1366.9,buy
1500149076,43835255,0.1744,6433.1,buy
1500149047,43835239,0.1745,295.9472832,buy
1500149047,43835238,0.174,204.0527168,buy
1500149039,43835230,0.174,500,buy
1500149037,43835229,0.174,295.9472832,buy
1500149037,43835228,0.17399,204.0527168,buy
1500149034,43835225,0.17389,500,buy
1500148925,43835158,0.17389,3512.9,buy
1500148925,43835157,0.1738,6487.1,buy
1500148920,43835151,0.17389,20.7013,buy
1500148920,43835150,0.1738,6527.4,buy
1500148920,43835149,0.17379,3451.8987,buy
1500148915,43835139,0.1739,155.34485,buy
1500148915,43835138,0.1729,22.87215,buy
1500148915,43835137,0.17106,21.783,buy
1500148899,43835123,0.1738,4312.972342,buy
1500148899,43835122,0.17379,2022.304882,buy
1500148899,43835121,0.17363,3664.722776,buy
1500148806,43835054,0.1702,100,sell
1500148765,43834964,0.17363,1335.277224,buy
1500148765,43834963,0.173,4.11605602,buy
1500148765,43834962,0.17288,750,buy
1500148716,43834873,0.17051,100,sell
1500148486,43834706,0.17043,1000,sell
1500148305,43834616,0.1702,126.2921643,sell
1500148305,43834615,0.172,17.10636866,sell
1500148253,43834559,0.17409,90,buy
1500148231,43834531,0.1741,1919.745059,buy
1500148231,43834530,0.17409,134.7299612,buy
1500148206,43834407,0.17204,958.408483,sell
1500148206,43834406,0.1723,200,sell
1500148206,43834405,0.17231,599.591517,sell
1500148143,43834160,0.1722,808.7,sell
1500148139,43834152,0.17499,5000,buy
1500148118,43834113,0.1748,3909.380291,buy
1500148118,43834112,0.17479,17.65770923,buy
1500148118,43834111,0.17479,1072.962,buy
1500148041,43834052,0.1722,0.9625963,sell
1500147956,43833875,0.173,1396.843773,buy
1500147956,43833874,0.17287,1738.039674,buy
1500147956,43833873,0.17286,2629.172543,buy
1500147956,43833872,0.17285,235.9440107,buy
1500147875,43833740,0.172,0.15869828,sell
1500147875,43833737,0.172,1.21668686,sell
1500147875,43833736,0.172,71.51461485,sell
1500147875,43833735,0.172,9.327996,sell
1500147872,43833726,0.172,120.494207,sell
1500147872,43833725,0.172,54.98167228,sell
1500147871,43833723,0.172,0.93542342,sell
1500147871,43833720,0.172,0.12200485,sell
1500147871,43833716,0.172,7.17151971,sell
1500147711,43833335,0.17198,0.00579303,sell
1500147710,43833326,0.17198,120.494207,sell
1500147606,43833160,0.17196,1370.827457,buy
1500147606,43833159,0.17195,782.666576,buy
1500147606,43833158,0.17195,400.1105559,buy
1500147606,43833157,0.17195,238.0075742,buy
1500147606,43833156,0.17195,175.1712167,buy
1500147602,43833147,0.17,8145.979425,buy
1500147599,43833143,0.17,20.33076833,buy
1500147590,43833134,0.17,23.63615217,buy
1500147590,43833133,0.1702,365.6835195,sell
1500147590,43833132,0.1702,3514.694088,sell
1500147590,43833131,0.1703,13621.1,sell
1500147590,43833130,0.17031,23.63615217,sell
1500147590,43833129,0.17031,4000,sell
1500147590,43833128,0.17032,142.5414526,sell
1500147590,43833127,0.1708,142.3984417,sell
1500147530,43833048,0.1702,1485.305912,sell
1500147530,43833047,0.17021,114.9505476,sell
1500147529,43833046,0.17198,0.00625549,sell
1500147528,43833041,0.17198,1595.949667,sell
1500147504,43833011,0.172,90.24240719,buy
1500147504,43833010,0.17198,173.4379293,buy
1500147413,43832938,0.1702,4641.297433,buy
1500147413,43832936,0.17023,16412.83124,sell
1500147413,43832935,0.17033,148.3813215,sell
1500147413,43832934,0.17112,0.00000456,sell
1500147379,43832908,0.17112,148.0991148,sell
1500147363,43832883,0.17287,1489.960326,buy
1500147363,43832882,0.17258,182.5312177,buy
1500147363,43832881,0.17258,266.0668771,buy
1500147363,43832880,0.17257,119.9818822,buy
1500147363,43832879,0.17257,255.1709178,buy
1500147363,43832878,0.17257,482.1237502,buy
1500147363,43832877,0.17256,1257.316427,buy
1500147363,43832876,0.17256,446.8486018,buy
1500147177,43832665,0.17339,406.4831022,sell
1500147177,43832664,0.17339,0.19738722,sell
1500147177,43832663,0.17339,2839.303195,sell
1500147176,43832662,0.17299,390.701144,buy
1500147176,43832661,0.17298,1356.619,buy
1500147176,43832660,0.17298,6.69617147,buy
1500147147,43832611,0.1734,5000,buy
1500147137,43832600,0.17298,1663.799529,buy
1500147137,43832599,0.17298,6.69617147,buy
1500147110,43832554,0.17308,686.33077,buy
1500147089,43832529,0.173,5000,buy
1500146958,43832245,0.17149,6.73956174,buy
1500146958,43832244,0.17149,3.11698734,buy
1500146958,43832243,0.17149,0.4066376,buy
1500146946,43832235,0.1692,7024.515976,sell
1500146946,43832234,0.1693,5000,sell
1500146946,43832233,0.17169,4994.484024,sell
1500146938,43832224,0.1717,1.78187175,buy
1500146937,43832218,0.1717,4.26510768,buy
1500146924,43832201,0.1717,5000,buy
1500146924,43832200,0.1717,0.19778258,sell
1500146924,43832199,0.17174,124.17,sell
1500146924,43832198,0.17178,13667.68007,sell
1500146917,43832178,0.17178,210.2546732,sell
1500146916,43832176,0.17178,208.6289494,sell
1500146916,43832175,0.17178,110.001973,sell
1500146913,43832171,0.17178,371.2868096,sell
1500146912,43832169,0.17178,199.6053332,sell
1500146912,43832167,0.17178,170.1532303,sell
1500146911,43832163,0.17178,3500.888476,sell
1500146910,43832162,0.17178,1561.500483,sell
1500146910,43832161,0.17179,0.00003251,sell
1500146910,43832157,0.17179,542.9999675,sell
1500146859,43832090,0.17174,3457,sell
1500146838,43832061,0.17218,0.43198068,buy
1500146833,43832041,0.17218,4.2527768,buy
1500146821,43832006,0.17169,5.51597582,sell
1500146817,43832000,0.1722,2000,buy
1500146813,43831992,0.1694,0.36768542,sell
1500146798,43831956,0.1694,293.3371627,sell
1500146768,43831836,0.1719,5000,buy
1500146763,43831831,0.172,5000,buy
1500146753,43831816,0.1729,16490.636,buy
1500146753,43831815,0.17258,4000,buy
1500146753,43831814,0.17238,7248.164,buy
1500146753,43831813,0.1723,6904.5,buy
1500146753,43831812,0.1723,10356.7,buy
1500146718,43831779,0.17368,100,buy
1500146695,43831750,0.17488,9.57060022,buy
1500146691,43831736,0.176,66.86152243,buy
1500146691,43831735,0.17591,307.2675599,buy
1500146691,43831734,0.17571,10.96224116,buy
1500146691,43831733,0.17555,1000,buy
1500146691,43831732,0.17538,10.7186358,buy
1500146691,43831731,0.17537,1461.869979,buy
1500146691,43831730,0.17525,1800,buy
1500146691,43831729,0.1751,300.2842063,buy
1500146691,43831728,0.17506,10.47503045,buy
1500146691,43831727,0.175,50000,buy
1500146691,43831726,0.175,1000,buy
1500146691,43831725,0.175,13536,buy
1500146691,43831724,0.175,2793.077279,buy
1500146691,43831723,0.175,1642.868486,buy
1500146691,43831722,0.1749,10449.4,buy
1500146691,43831721,0.1749,5000,buy
1500146691,43831720,0.17326,0.16997762,buy
1500146691,43831719,0.17326,0.35575195,buy
1500146691,43831718,0.17326,1.06180501,buy
1500146691,43831717,0.17326,0.25899903,buy
1500146691,43831716,0.17325,53.26225668,buy
1500146691,43831715,0.17319,1.43759546,buy
1500146691,43831714,0.17319,1.08804144,buy
1500146691,43831713,0.17319,1.30316173,buy
1500146691,43831712,0.17319,0.9270544,buy
1500146691,43831711,0.17319,0.15878847,buy
1500146691,43831710,0.17318,52.05671305,buy
1500146691,43831709,0.17317,0.43253382,buy
1500146691,43831708,0.17317,0.38215516,buy
1500146691,43831707,0.17317,0.1384963,buy
1500146691,43831706,0.17316,0.2739305,buy
1500146691,43831705,0.172,2000,buy
1500146691,43831704,0.17199,1533.1078,buy
1500146691,43831703,0.1719,6963.8,buy
1500146657,43831635,0.17,328.3221527,sell
1500146657,43831634,0.17,32,sell
1500146657,43831633,0.17,673.3152557,sell
1500146628,43831522,0.17,1978.154141,sell
1500146628,43831521,0.17003,21.84585944,sell
1500146595,43831367,0.17,7348.530604,sell
1500146595,43831366,0.17022,36.47409623,sell
1500146595,43831365,0.17022,738.381,sell
1500146595,43831364,0.17023,1476.6143,sell
1500146583,43831336,0.17199,17.02084005,buy
1500146583,43831333,0.17199,4.82501939,buy
1500146581,43831331,0.172,5453.785316,sell
1500146581,43831330,0.17201,4.56851331,sell
1500146581,43831329,0.17201,23.20459809,sell
1500146581,43831328,0.17202,23.26590072,sell
1500146581,43831327,0.17205,11.11065573,sell
1500146561,43831199,0.1721,1,sell
1500146545,43831130,0.1721,50,sell
1500146532,43831084,0.1721,10,sell
1500146522,43831037,0.1721,1,sell
1500146512,43831008,0.1721,1,sell
1500146487,43830910,0.1735,2.81712988,buy
1500146487,43830909,0.17332,0.80581888,buy
1500146487,43830908,0.1733,1.06180501,buy
1500146485,43830893,0.17332,3.87893489,sell
1500146485,43830889,0.17332,0.80581888,sell
1500146484,43830886,0.17331,0.2739305,buy
1500146484,43830885,0.17331,1.30316173,buy
1500146484,43830884,0.17331,0.38215516,buy
1500146484,43830883,0.17331,0.35575195,buy
1500146484,43830882,0.17331,0.25899903,buy
1500146484,43830881,0.17331,0.15878847,buy
1500146484,43830880,0.17331,1.08804144,buy
1500146484,43830879,0.17331,0.9270544,buy
1500146484,43830878,0.17331,0.16997762,buy
1500146481,43830856,0.17201,43.68960568,sell
1500146481,43830855,0.17201,131.2381148,sell
1500146479,43830847,0.17201,112.9564421,sell
1500146476,43830828,0.17201,152.2223423,sell
1500146476,43830824,0.17201,128.7060937,sell
1500146475,43830817,0.17201,157.4425889,sell
1500146474,43830809,0.17201,172.7848301,sell
1500146469,43830774,0.17486,855.3504119,buy
1500146469,43830773,0.17485,1029.2447,buy
1500146469,43830772,0.17398,9.968,buy
1500146469,43830771,0.17397,0.17049957,buy
1500146469,43830770,0.17363,10.0215857,buy
1500146469,43830769,0.17362,76.83215708,buy
1500146469,43830768,0.17361,1.30716336,buy
1500146469,43830767,0.1736,24.12320324,buy
1500146469,43830766,0.17335,0.35575195,buy
1500146469,43830765,0.17335,0.9270544,buy
1500146469,43830764,0.17335,1.06180501,buy
1500146469,43830763,0.17335,0.80581888,buy
1500146469,43830762,0.17335,1.08804144,buy
1500146469,43830761,0.17335,1.43759546,buy
1500146469,43830760,0.17335,0.2739305,buy
1500146469,43830759,0.17335,1.30316173,buy
1500146469,43830758,0.17335,0.16997762,buy
1500146469,43830757,0.17335,0.38215516,buy
1500146469,43830756,0.17335,0.25899903,buy
1500146469,43830755,0.17335,0.43253382,buy
1500146469,43830754,0.17335,0.15878847,buy
1500146469,43830753,0.17335,0.1384963,buy
1500146469,43830752,0.17334,1.21737828,buy
1500146469,43830751,0.17334,1.9856592,buy
1500146469,43830750,0.17334,6.17794473,buy
1500146469,43830749,0.17334,15.22338718,buy
1500146464,43830713,0.1721,0.16398349,buy
1500146462,43830696,0.1721,211.6003876,buy
1500146461,43830662,0.1721,28.92881626,buy
1500146461,43830660,0.1721,9.61971423,buy
1500146460,43830657,0.1721,82.04508814,buy
1500146460,43830656,0.1721,19.75479076,buy
1500146460,43830654,0.1721,19.41326356,buy
1500146459,43830624,0.1721,23.1987985,buy
1500146456,43830602,0.1721,433,sell
1500146451,43830572,0.172,3995.893045,sell
1500146451,43830571,0.17201,4.10695512,sell
1500146445,43830543,0.172,849.9872048,sell
1500146445,43830542,0.172,9700.334434,sell
1500146445,43830541,0.172,20000,sell
1500146445,43830540,0.172,1022.390599,sell
1500146445,43830539,0.17201,3487.8205,sell
1500146445,43830538,0.17219,3.2926074,sell
1500146445,43830537,0.173,19975.0372,sell
1500146445,43830536,0.17303,2059.639353,sell
1500146445,43830535,0.17313,538.0493545,sell
1500146429,43830446,0.17313,124.9634386,sell
1500146369,43830101,0.17313,6.0385457,sell
1500146368,43830095,0.17313,6.0385457,sell
1500146367,43830092,0.17313,4.62157618,sell
1500146365,43830085,0.17313,0.51075111,sell
1500146360,43830056,0.17313,1.32451886,sell
1500146360,43830054,0.17313,19.42453293,sell
1500146360,43830052,0.17313,0.16365569,sell
1500146360,43830051,0.17313,1.25467271,sell
1500146359,43830050,0.17313,77.85207,sell
1500146359,43830049,0.17313,10.1546201,sell
1500146359,43830048,0.17313,0.17276515,sell
1500146359,43830047,0.17313,110.3468457,sell
1500146356,43830036,0.17313,4.25942921,sell
1500146356,43830033,0.17313,82.9132996,sell
1500146356,43830032,0.17314,27.32319928,sell
1500146355,43830024,0.17314,0.75409299,sell
1500146349,43830001,0.17314,1.41696951,sell
1500146348,43829995,0.17314,18.39838054,sell
1500146348,43829993,0.17314,5.5785653,sell
1500146347,43829978,0.17314,5.5785653,sell
1500146343,43829945,0.17314,0.12092014,sell
1500146343,43829944,0.17314,0.14191845,sell
1500146342,43829936,0.17313,0.22579586,sell
1500146342,43829934,0.17313,0.10510681,sell
1500146342,43829933,0.17313,0.1889827,sell
1500146342,43829931,0.17313,2.4069784,sell
1500146330,43829862,0.17313,5.38975583,sell
1500146329,43829855,0.17313,3.59475864,sell
1500146328,43829844,0.17373,1.03922835,buy
1500146328,43829843,0.17373,0.15878847,buy
1500146328,43829842,0.17373,0.12092014,buy
1500146328,43829841,0.17373,1.08804144,buy
1500146324,43829830,0.17374,0.95816832,buy
1500146324,43829829,0.17374,1.44881008,buy
1500146323,43829828,0.17315,2.4069784,sell
1500146322,43829823,0.17374,0.53684912,buy
1500146322,43829822,0.17374,0.43253382,buy
1500146322,43829821,0.17374,1.43759546,buy
1500146313,43829790,0.17314,0.18751245,sell
1500146307,43829781,0.17303,2792.837895,sell
1500146307,43829780,0.17303,526.281398,sell
1500146307,43829779,0.17313,621.593,sell
1500146307,43829778,0.17314,59.28770752,sell
1500146275,43829682,0.17311,4.73543789,sell
1500146267,43829634,0.1731,0.64055127,sell
1500146253,43829564,0.17303,7.50141201,sell
1500146253,43829563,0.17304,2.4069784,sell
1500146253,43829562,0.17304,2.4069784,sell
1500146250,43829549,0.17303,2.59182925,sell
1500146247,43829532,0.17301,2.4069784,buy
1500146243,43829489,0.173,24.9628042,sell
1500146236,43829401,0.17304,0.44516331,sell
1500146235,43829383,0.17302,3961.118048,sell
1500146235,43829382,0.17303,0.29338331,sell
1500146235,43829381,0.17303,0.29338331,sell
1500146235,43829380,0.17403,1.92210446,sell
1500146235,43829378,0.17403,2652.499082,sell
1500146234,43829366,0.17403,2782.944,sell
1500146234,43829365,0.17403,6.1257503,sell
1500146233,43829354,0.17403,121.3427305,sell
1500146233,43829353,0.17403,7194.373492,buy
1500146228,43829330,0.17302,21.13042913,sell
1500146226,43829290,0.17302,17.30635918,sell
1500146222,43829253,0.17403,17.54994653,buy
1500146222,43829251,0.17403,0.59221414,buy
1500146222,43829244,0.17403,4.5403471,buy
1500146205,43829097,0.17408,1.71339636,buy
1500146201,43829075,0.17227,0.2123836,sell
1500146193,43829009,0.17292,0.2123836,sell
1500146193,43829008,0.17294,0.29338331,sell
1500146192,43828992,0.17292,0.08099971,sell
1500146192,43828991,0.17292,0.29338331,sell
1500146189,43828970,0.17292,0.37438302,buy
1500146188,43828964,0.17292,0.29338331,sell
1500146166,43828788,0.1744,3.08092634,buy
1500146163,43828733,0.17288,0.56368822,sell
1500146163,43828732,0.17316,0.6737316,sell
1500146163,43828731,0.17316,0.56368822,sell
1500146163,43828723,0.17316,1.84350652,sell
1500146158,43828664,0.17316,0.56425247,buy
1500146157,43828643,0.17317,0.29338331,sell
1500146156,43828634,0.1746,0.34272362,buy
1500146153,43828573,0.17316,1.36471511,sell
1500146150,43828539,0.17316,0.23415891,sell
1500146141,43828464,0.17316,41.67855339,sell
1500146134,43828362,0.17316,1.90221417,sell
1500146131,43828357,0.17316,8.44277038,sell
1500146131,43828356,0.17317,3.02796559,sell
1500146131,43828355,0.17317,4.94538487,sell
1500146131,43828354,0.17317,7.72368276,sell
1500146129,43828342,0.17319,49.49306486,sell
1500146129,43828341,0.1732,4.94538487,sell
1500146129,43828340,0.17323,7.72368276,sell
1500146129,43828339,0.17326,0.61470203,sell
1500146129,43828338,0.17326,3.02796559,sell
1500146126,43828327,0.17396,5000,buy
1500146115,43828216,0.174,1.49492635,buy
1500146110,43828169,0.17319,39.19375838,sell
1500146110,43828168,0.1732,0.61470203,sell
1500146110,43828167,0.1732,4.94538487,sell
1500146110,43828166,0.1732,7.72368276,sell
1500146110,43828165,0.1732,3.02796559,sell
1500146110,43828164,0.17321,21.18134137,sell
1500146110,43828162,0.17321,16.31173524,sell
1500146096,43828087,0.17317,1.30495032,sell
1500146033,43827939,0.1749,273.3303637,buy
1500146033,43827938,0.17363,1726.669636,buy
1500145940,43827662,0.17363,5.77304694,buy
1500145939,43827660,0.17363,0.28353847,buy
1500145939,43827659,0.17363,2.17377406,buy
1500145939,43827658,0.17363,5.59108893,buy
1500145939,43827657,0.17362,7.87968165,buy
1500145939,43827656,0.17362,1.75438232,buy
1500145934,43827571,0.17395,0.32430255,buy
1500145933,43827567,0.1727,1.19889111,sell
1500145933,43827566,0.1727,15.2251529,sell
1500145933,43827565,0.1727,0.32430255,sell
1500145933,43827564,0.1727,0.29338331,sell
1500145932,43827555,0.17396,9.94893174,buy
1500145932,43827554,0.17396,1.79267465,buy
1500145932,43827553,0.17341,0.6936101,buy
1500145932,43827552,0.17341,2.34075404,buy
1500145932,43827544,0.17341,0.3053121,buy
1500145932,43827541,0.17341,0.87201861,buy
1500145931,43827528,0.17341,6.94494822,buy
1500145931,43827516,0.17341,0.62806147,buy
1500145931,43827515,0.17341,4.8151738,buy
1500145930,43827509,0.17341,0.24504137,buy
1500145929,43827492,0.17341,0.19681016,buy
1500145928,43827482,0.17342,0.28353847,sell
1500145928,43827481,0.17342,5.77304694,sell
1500145928,43827480,0.17342,2.17377406,sell
1500145928,43827479,0.17342,15.2251529,sell
1500145927,43827470,0.17341,1.75438232,buy
1500145927,43827469,0.17341,0.96620397,buy
1500145927,43827467,0.17341,0.32430255,buy
1500145927,43827458,0.17341,0.3053121,buy
1500145926,43827443,0.17341,6.28386303,buy
1500145926,43827442,0.17342,0.87201861,sell
1500145921,43827386,0.17342,0.28353847,buy
1500145920,43827383,0.17342,2.17377406,buy
1500145920,43827380,0.17343,9.94893174,sell
1500145920,43827379,0.17342,7.99680745,buy
1500145920,43827378,0.17343,2.34075404,sell
1500145920,43827377,0.17343,2.48628475,sell
1500145920,43827376,0.17343,0.3053121,sell
1500145920,43827375,0.17343,0.32430255,sell
1500145920,43827374,0.17343,6.28386303,sell
1500145920,43827373,0.17343,0.87201861,sell
1500145919,43827349,0.17343,7.63341013,buy
1500145919,43827347,0.17343,1.04558646,buy
1500145919,43827340,0.17343,0.07270367,buy
1500145919,43827339,0.17343,1.03670008,buy
1500145918,43827329,0.17343,0.71768224,buy
1500145910,43827255,0.17345,0.74694863,buy
1500145910,43827250,0.17345,1.00743369,buy
1500145909,43827248,0.17345,1.55195843,buy
1500145909,43827245,0.17265,8.54927637,buy
1500145909,43827244,0.17265,0.20242389,buy
1500145909,43827242,0.17265,0.20242389,sell
1500145908,43827232,0.17346,1.00743369,sell
1500145907,43827230,0.1741,2000,buy
1500145903,43827170,0.17346,4.23355194,buy
1500145902,43827168,0.17346,0.13140484,buy
1500145902,43827165,0.17346,0.55219742,buy
1500145901,43827162,0.17346,1.52040263,buy
1500145901,43827159,0.17346,0.19831339,buy
1500145900,43827154,0.17346,0.27478602,buy
1500145900,43827151,0.17347,0.66776633,sell
1500145900,43827150,0.17347,1.00743369,sell
1500145900,43827149,0.17347,0.29338331,sell
1500145900,43827148,0.17347,1.55195843,sell
1500145900,43827147,0.17347,0.20242389,sell
1500145899,43827134,0.17264,8.95412415,sell
1500145888,43826896,0.17348,2.49355424,buy
1500145888,43826894,0.17348,3.41119167,buy
1500145888,43826892,0.17348,0.44494395,buy
1500145888,43826889,0.17348,0.39516638,buy
1500145888,43826885,0.17348,0.32524347,buy
1500145887,43826881,0.17251,38.6428635,sell
1500145887,43826877,0.17348,1.37565204,buy
1500145887,43826876,0.17348,0.79377616,buy
1500145887,43826874,0.17348,7.3254966,buy
1500145887,43826873,0.17348,3.22118307,buy
1500145887,43826869,0.17348,0.17943378,buy
1500145887,43826865,0.17348,6.08560326,buy
1500145886,43826858,0.17348,0.15133488,buy
1500145886,43826855,0.17348,8.89512814,buy
1500145886,43826852,0.17348,1.1602341,buy
1500145886,43826848,0.17348,4.99527761,buy
1500145886,43826844,0.17348,0.65154703,buy
1500145886,43826831,0.17348,0.24663647,buy
1500145886,43826827,0.17263,34.7793105,buy
1500145885,43826815,0.17263,3.863553,buy
1500145885,43826810,0.17263,27.31163665,sell
1500145878,43826736,0.1735,1.27391473,buy
1500145878,43826728,0.1735,124.3618118,sell
1500145875,43826708,0.1735,25.58637834,sell
1500145873,43826660,0.1735,27.36642427,sell
1500145871,43826630,0.1735,82.65908902,sell
1500145870,43826621,0.1735,43.35301549,sell
1500145870,43826620,0.17351,1.16062528,sell
1500145870,43826609,0.175,3906.717884,buy
1500145870,43826608,0.175,10,buy
1500145870,43826607,0.1748,93.461345,buy
1500145870,43826606,0.17474,10.23142509,buy
1500145870,43826605,0.17469,988.9294868,buy
1500145870,43826604,0.17468,30.30825289,buy
1500145870,43826603,0.17468,2000,buy
1500145870,43826602,0.17466,20.78607728,buy
1500145870,43826601,0.17463,7061.516,buy
1500145868,43826563,0.1735,25.84799821,sell
1500145868,43826562,0.17351,0.35739211,sell
1500145868,43826553,0.17464,2000,buy
1500145864,43826517,0.17466,1455.13222,buy
1500145864,43826516,0.17375,44.86777953,buy
1500145864,43826502,0.1735,24.09538624,sell
1500145864,43826500,0.17375,11.18304983,buy
1500145864,43826499,0.17375,0.56364769,buy
1500145863,43826484,0.17375,0.35739211,buy
1500145863,43826483,0.17375,2.73999226,buy
1500145862,43826466,0.17375,0.16579324,buy
1500145860,43826446,0.17375,0.24608318,buy
1500145859,43826413,0.17375,0.1353071,buy
1500145859,43826402,0.17375,0.11957298,buy
1500145858,43826371,0.17375,0.18044996,buy
1500145858,43826365,0.17375,0.11268646,buy
1500145856,43826354,0.1735,28.39852684,sell
1500145855,43826344,0.1735,66.97368736,sell
1500145855,43826333,0.1735,52.87268241,sell
1500145851,43826327,0.17376,1704,buy
1500145801,43826231,0.17387,200.73868,buy
1500145801,43826230,0.17386,99.26131998,buy
1500145798,43826222,0.17387,300,buy
1500145760,43826105,0.1741,3359.993276,buy
1500145760,43826104,0.17357,83.68419253,buy
1500145755,43826091,0.17301,39.18062588,sell
1500145746,43826063,0.17361,39.18062588,sell
1500145744,43826051,0.17361,193.0907688,sell
1500145744,43826050,0.17361,29.18806252,sell
1500145744,43826049,0.17361,17.65786768,sell
1500145744,43826048,0.17361,21.47192604,sell
1500145743,43826047,0.17361,4709.232,sell
1500145742,43826041,0.17359,17.65786768,buy
1500145742,43826040,0.17305,29.18806252,buy
1500145742,43826039,0.17305,21.47192604,buy
1500145739,43826027,0.17305,58.30849841,sell
1500145737,43826014,0.17305,10.49346759,sell
1500145737,43826011,0.17305,24.63683695,sell
1500145735,43826006,0.17305,13.41846213,sell
1500145735,43826004,0.17305,3.21350047,sell
1500145735,43826002,0.17305,1.2850773,sell
1500145735,43826000,0.17305,9.85225929,sell
1500145734,43825997,0.17305,0.41915223,sell
1500145733,43825985,0.17305,15.52523722,sell
1500145731,43825979,0.17305,9.26814735,sell
1500145728,43825968,0.1735,34.55426162,sell
1500145728,43825965,0.1735,71.44573838,sell
1500145727,43825964,0.1735,894,sell
1500145723,43825953,0.1746,6113.731695,buy
1500145723,43825952,0.17442,9.98781973,buy
1500145723,43825951,0.17428,293.3008526,buy
1500145723,43825950,0.1742,5000,buy
1500145723,43825949,0.1741,9.74421437,buy
1500145723,43825948,0.174,55,buy
1500145723,43825947,0.174,10000,buy
1500145723,43825946,0.17396,12157.69013,buy
1500145723,43825945,0.17368,2000,buy
1500145723,43825944,0.17367,16.10444899,buy
1500145723,43825943,0.17364,80.39355777,buy
1500145723,43825942,0.17364,6952.638,buy
1500145716,43825918,0.17306,2000,sell
1500145697,43825855,0.17392,954.8921129,buy
1500145697,43825854,0.17344,45.10788715,buy
1500145694,43825823,0.17305,20.65670927,sell
1500145694,43825822,0.17306,9.01340959,sell
1500145689,43825782,0.17396,4167.084888,buy
1500145689,43825781,0.17396,1338.466954,buy
1500145689,43825780,0.17377,41.9332758,buy
1500145689,43825779,0.17377,9.50060901,buy
1500145689,43825778,0.17364,4058.544868,buy
1500145689,43825777,0.17346,286.317499,buy
1500145689,43825776,0.17345,9.25700365,buy
1500145689,43825775,0.17343,79.881492,buy
1500145689,43825774,0.17313,9.01339829,buy
1500145689,43825773,0.17306,0.0000113,buy
1500145686,43825725,0.17305,80.22082443,sell
1500145683,43825682,0.17305,96.65862812,sell
1500145678,43825653,0.17305,68.13096632,sell
1500145678,43825645,0.17305,25.61857191,sell
1500145675,43825642,0.17305,150.1806228,sell
1500145674,43825637,0.17305,90.72894253,sell
1500145674,43825630,0.17305,87.83856798,sell
1500145673,43825625,0.17305,97.28218868,sell
1500145673,43825620,0.17305,0.46796697,sell
1500145673,43825619,0.17305,3.58774682,sell
1500145667,43825584,0.17306,923.5224509,buy
1500145667,43825583,0.17305,0.00000555,buy
1500145667,43825582,0.17305,46.61840941,buy
1500145639,43825516,0.17306,3726.764212,buy
1500145639,43825515,0.173,1273.235788,buy
1500145634,43825464,0.173,226.7642123,buy
1500145634,43825463,0.173,29773.23579,buy
1500145622,43825436,0.173,1.69265146,buy
1500145622,43825435,0.173,9.54253397,buy
1500145622,43825423,0.173,0.38996577,buy
1500145621,43825414,0.173,300,buy
1500145583,43825352,0.173,9.02,buy
1500145558,43825299,0.17246,27.51002862,sell
1500145558,43825298,0.17247,11.84188377,sell
1500145556,43825293,0.17246,14.45075721,sell
1500145556,43825292,0.17247,4.10695512,sell
1500145556,43825291,0.17255,11.84188377,sell
1500145556,43825290,0.17254,38.14717887,buy
1500145555,43825287,0.17254,1.20473352,buy
1500145543,43825250,0.173,5000,buy
1500145542,43825247,0.173,14906.11906,buy
1500145542,43825246,0.173,46879.64989,buy
1500145527,43825186,0.173,3120.35011,buy
1500145527,43825185,0.173,23999,buy
1500145527,43825184,0.17299,1981.469805,buy
1500145527,43825183,0.17299,899.1800845,buy
1500145514,43825131,0.17299,0.81991549,buy
1500145510,43825122,0.17294,3.94910437,buy
1500145510,43825121,0.17294,13.0426028,buy
1500145507,43825092,0.17237,0.000005,buy
1500145506,43825082,0.17237,199.999995,buy
1500145468,43824949,0.17236,5.60783978,sell
1500145468,43824947,0.17236,195.0098866,sell
1500145468,43824946,0.17236,84.18474065,sell
1500145468,43824945,0.17236,25.43607217,sell
1500145468,43824944,0.17236,69.28376379,sell
1500145468,43824943,0.17236,4.55846727,sell
1500145468,43824942,0.17236,22.10346051,sell
1500145467,43824941,0.17233,184.5431978,buy
1500145467,43824940,0.17233,195.0098866,buy
1500145467,43824939,0.17233,84.18474065,buy
1500145467,43824938,0.17233,25.43607217,buy
1500145467,43824937,0.17233,22.10346051,buy
1500145467,43824936,0.17233,4.55846727,buy
1500145467,43824935,0.17233,69.28376379,buy
1500145463,43824918,0.17234,13.48148502,buy
1500145463,43824917,0.17234,4.55846727,buy
1500145463,43824916,0.17234,22.10346051,buy
1500145460,43824908,0.17236,40.1434128,sell
1500145460,43824906,0.17236,3.08423136,sell
1500145459,43824905,0.17235,0.40229104,buy
1500145458,43824898,0.17236,1.84517263,buy
1500145458,43824897,0.17236,39.54005889,buy
1500145457,43824891,0.17236,0.24067469,buy
1500145457,43824889,0.17236,14.14632352,buy
1500145457,43824884,0.17236,19.35948413,buy
1500145457,43824883,0.17236,69.28376379,buy
1500145457,43824882,0.17236,0.40229104,buy
1500145457,43824881,0.17236,3.08423136,buy
1500145457,43824880,0.17236,4.55846727,buy
1500145457,43824879,0.17236,11.61959794,buy
1500145457,43824877,0.17236,13.81647423,buy
1500145457,43824876,0.17236,17.4877193,buy
1500145457,43824875,0.17236,4.08315568,buy
1500145457,43824873,0.17236,0.53258553,buy
1500145455,43824870,0.17236,1.54231322,buy
1500145455,43824869,0.17236,3.31774854,buy
1500145455,43824868,0.17236,0.13005163,buy
1500145455,43824867,0.17234,195.0098866,buy
1500145454,43824866,0.17234,4.02588564,buy
1500145454,43824865,0.17185,0.00619513,buy
1500145447,43824813,0.17185,999.9938049,buy
1500145427,43824757,0.1715,119,sell
1500145427,43824756,0.17199,1000,sell
1500145397,43824670,0.17241,0.01359262,buy
1500145397,43824669,0.17241,0.13005163,buy
1500145397,43824668,0.17241,3.31774854,buy
1500145397,43824667,0.17241,3.08423136,buy
1500145388,43824651,0.17298,4.89839452,buy
1500145388,43824650,0.1729,5000,buy
1500145388,43824649,0.17281,8.76979293,buy
1500145388,43824648,0.1727,287.695125,buy
1500145388,43824647,0.17265,279.3341454,buy
1500145388,43824646,0.17255,150.2182842,buy
1500145388,43824645,0.17241,3.08423136,buy
1500145388,43824644,0.17241,25.43607217,buy
1500145388,43824643,0.17241,124.3281535,buy
1500145388,43824642,0.1724,0.13005163,buy
1500145388,43824641,0.1724,184.5431978,buy
1500145388,43824640,0.1724,69.28376379,buy
1500145388,43824639,0.1724,23.64577373,buy
1500145388,43824638,0.1724,4.55846727,buy
1500145388,43824637,0.1724,0.40229104,buy
1500145375,43824624,0.17186,1,sell
1500145372,43824617,0.1725,58.35439858,buy
1500145372,43824616,0.17246,3.08423136,buy
1500145372,43824607,0.17186,25.43607217,buy
1500145370,43824600,0.17185,0.43274981,buy
1500145310,43824553,0.17157,120.013666,sell
1500145309,43824552,0.17174,33.57255963,buy
1500145308,43824551,0.17174,33.57255963,sell
1500145308,43824547,0.17174,0.297036,sell
1500145308,43824546,0.17174,8.85126109,buy
1500145303,43824534,0.17175,22.15821769,sell
1500145303,43824533,0.17175,1.29930545,sell
1500145303,43824532,0.17175,5.87077865,sell
1500145303,43824531,0.17175,4.70820796,sell
1500145302,43824530,0.17175,0.99730473,sell
1500145302,43824529,0.17175,7.68704224,sell
1500145302,43824526,0.17174,0.16952726,buy
1500145279,43824489,0.17182,62.59316723,buy
1500145265,43824468,0.17152,7.64531672,sell
1500145265,43824467,0.17152,7.08103309,sell
1500145263,43824466,0.17152,76.36937236,sell
1500145256,43824456,0.1715,0.92368145,sell
1500145256,43824455,0.1715,1.15448072,sell
1500145256,43824454,0.1715,0.12048545,sell
1500145256,43824452,0.1715,0.59467745,sell
1500145255,43824451,0.1715,56.61905967,sell
1500145255,43824450,0.1715,54.28783963,sell
1500145255,43824449,0.1715,247.2640266,sell
1500145255,43824448,0.1715,0.15063708,sell
1500145255,43824447,0.1715,34.94828945,sell
1500145253,43824446,0.1715,50,buy
1500145221,43824404,0.17089,210.9039195,sell
1500145221,43824403,0.17096,54.0960805,sell
1500145216,43824394,0.17205,81.07466109,buy
1500145216,43824393,0.17205,56.61905967,buy
1500145216,43824392,0.17205,7.68704224,buy
1500145216,43824391,0.17205,3.31774854,buy
1500145216,43824390,0.17205,1.15448072,buy
1500145216,43824389,0.17205,3.08423136,buy
1500145216,43824388,0.17205,7.08103309,buy
1500145216,43824387,0.17205,5.87077865,buy
1500145216,43824386,0.17205,1.29930545,buy
1500145216,43824385,0.17205,4.70820796,buy
1500145216,43824384,0.17205,0.12048545,buy
1500145216,43824383,0.17205,0.13005163,buy
1500145216,43824382,0.17205,0.15063708,buy
1500145216,43824381,0.17205,0.43274981,buy
1500145216,43824380,0.17205,0.16952726,buy
1500145187,43824324,0.17089,11.41891383,sell
1500145182,43824284,0.17209,74.77390069,buy
1500145182,43824283,0.17209,9.96118036,buy
1500145182,43824282,0.17209,2.27711454,buy
1500145182,43824281,0.17209,17.45803963,buy
1500145182,43824280,0.17209,11.41891383,buy
1500145182,43824279,0.17209,1.29930545,buy
1500145182,43824278,0.17209,175.7444433,buy
1500145182,43824277,0.17209,8.85126109,buy
1500145182,43824276,0.17209,34.94828945,buy
1500145182,43824275,0.17209,0.15063708,buy
1500145182,43824274,0.17209,4.55846727,buy
1500145182,43824273,0.17209,4.70820796,buy
1500145182,43824272,0.17209,5.87077865,buy
1500145179,43824254,0.1721,37.00900429,buy
1500145179,43824253,0.1721,25.43607217,buy
1500145179,43824252,0.1721,0.43274981,buy
1500145178,43824243,0.1721,33.18012869,buy
1500145178,43824242,0.1721,0.92368145,buy
1500145178,43824241,0.1721,7.08103309,buy
1500145178,43824240,0.1721,7.68704224,buy
1500145178,43824239,0.1721,51.12811453,buy
1500145178,43824237,0.1721,80.26484583,buy
1500145178,43824236,0.1721,17.45803963,buy
1500145178,43824235,0.1721,2.27711454,buy
1500145178,43824229,0.1721,78.42470728,buy
1500145178,43824228,0.1721,1.15448072,buy
1500145178,43824227,0.1721,8.85126109,buy
1500145178,43824226,0.1721,0.15063708,buy
1500145178,43824225,0.1721,11.41891383,buy
1500145176,43824221,0.1721,100,buy
1500145172,43824170,0.1721,1338.66829,sell
1500145172,43824168,0.1721,104.177052,sell
1500145171,43824165,0.17205,20.1881848,buy
1500145171,43824164,0.17187,181.5843092,buy
1500145170,43824162,0.17141,2.98083793,sell
1500145170,43824159,0.17255,1154.384699,buy
1500145170,43824158,0.1725,1000,buy
1500145170,43824157,0.1725,3,buy
1500145169,43824156,0.17249,8.52618757,buy
1500145169,43824155,0.17216,8.28258221,buy
1500145169,43824154,0.17214,2000,buy
1500145169,43824153,0.17206,68.274779,buy
1500145169,43824152,0.17204,225.4541636,buy
1500145169,43824151,0.172,316.2617849,buy
1500145169,43824150,0.17197,1055.36003,buy
1500145169,43824149,0.17195,201.5645046,buy
1500145164,43824136,0.17197,1000,buy
1500145158,43824118,0.17141,14.38535201,sell
1500145158,43824114,0.17141,3.23476524,sell
1500145158,43824113,0.17197,3881.72397,buy
1500145158,43824112,0.17196,118.2760298,buy
1500145148,43824064,0.17197,1000,buy
1500145147,43824060,0.17091,12.796705,sell
1500145142,43824031,0.172,3156.738277,buy
1500145142,43824030,0.17184,8.03897685,buy
1500145142,43824029,0.17183,241.6019794,buy
1500145142,43824028,0.17183,272.3507917,buy
1500145142,43824027,0.17152,1000,buy
1500145142,43824026,0.17152,12.30619566,buy
1500145142,43824025,0.17152,7.79537149,buy
1500145142,43824024,0.17151,123.8036016,buy
1500145137,43824009,0.1712,7.55176613,buy
1500145137,43824008,0.17113,1095.527788,buy
1500145137,43824007,0.17112,123.8036016,buy
1500145132,43824004,0.17102,265.3674381,buy
1500145129,43823999,0.1709,998,buy
1500145125,43823991,0.17089,111.87801,sell
1500145123,43823987,0.17089,13.11372866,sell
1500145122,43823984,0.17089,54.23446203,sell
1500145121,43823983,0.17089,54.23446203,sell
1500145120,43823981,0.17089,54.23446203,buy
1500145111,43823961,0.17089,5.04,buy
1500145080,43823882,0.17089,11.25,buy
1500145052,43823825,0.17083,200,buy
1500145051,43823821,0.17083,418.8331625,buy
1500145051,43823820,0.17082,431.1668375,buy
1500145022,43823786,0.171,1000,buy
1500145022,43823785,0.171,30000,buy
1500145022,43823784,0.17088,7.30816077,buy
1500145022,43823783,0.17069,1.604225,buy
1500145022,43823782,0.17069,58.354512,buy
1500145022,43823781,0.17055,7.06455542,buy
1500145022,43823780,0.17023,6.82095006,buy
1500145022,43823779,0.1702,258.3840844,buy
1500144995,43823760,0.17001,161.5438522,sell
1500144992,43823748,0.17,14.72611778,buy
1500144992,43823747,0.17,1,buy
1500144992,43823746,0.17,20407.77527,buy
1500144985,43823723,0.17,79592.22473,buy
1500144985,43823722,0.17,20147.58509,buy
1500144985,43823721,0.16999,260.19018,buy
1500144982,43823710,0.16999,1.32070698,buy
1500144981,43823706,0.16999,1.84145378,buy
1500144981,43823705,0.16999,16.06827962,buy
1500144981,43823703,0.16999,0.24019608,buy
1500144981,43823701,0.16999,14.11787254,buy
1500144979,43823700,0.16999,0.49761516,buy
1500144975,43823692,0.16999,0.49761516,buy
1500144969,43823673,0.16855,871.8215418,sell
1500144969,43823672,0.16866,61.97975488,sell
1500144969,43823671,0.16868,61.97975488,sell
1500144969,43823670,0.16872,130.3450666,sell
1500144969,43823669,0.1688,61.95803055,sell
1500144969,43823668,0.16884,61.95079253,sell
1500144969,43823667,0.16885,723.9650587,sell
1500144964,43823656,0.16999,3.00564345,buy
1500144964,43823649,0.16999,1.96422804,buy
1500144964,43823648,0.16999,0.2562092,buy
1500144947,43823593,0.16998,76.07106785,buy
1500144947,43823592,0.16998,3.81510622,buy
1500144947,43823589,0.16998,29.24911935,buy
1500144862,43823485,0.17,2075.67723,buy
1500144813,43823445,0.17,218.0176281,buy
1500144813,43823444,0.16999,3.703761,buy
1500144813,43823443,0.16999,11.758818,buy
1500144713,43823288,0.16998,265,buy
1500144712,43823284,0.16998,1000,buy
1500144676,43823176,0.16999,8.69333363,buy
1500144676,43823175,0.16999,1.13392092,buy
1500144675,43823165,0.16999,1.13965369,buy
1500144674,43823163,0.16999,8.73728488,buy
1500144661,43823133,0.16998,1.0217875,buy
1500144627,43823039,0.16998,0.77622785,buy
1500144627,43823037,0.16998,5.95108371,buy
1500144618,43823002,0.17,27473.08406,buy
1500144618,43823001,0.16999,100,buy
1500144618,43823000,0.1698,100,buy
1500144618,43822999,0.1698,1085.900831,buy
1500144618,43822998,0.1697,3000,buy
1500144618,43822997,0.1697,200,buy
1500144618,43822996,0.1696,100,buy
1500144618,43822995,0.1696,122.7400073,buy
1500144618,43822994,0.16959,18563.73042,buy
1500144615,43822991,0.16959,190.8563071,buy
1500144615,43822988,0.16959,4.74776274,buy
1500144614,43822983,0.16959,2.05049239,buy
