Timestamp,TradeId,Price,Amount,Type
1498348694,39452163,0.50529,125.59499707,buy
1498348694,39452162,0.50527,119.86902281,buy
1498348694,39452161,0.50527,118.96590951,buy
1498348694,39452160,0.50527,185.81805999,buy
1498348694,39452159,0.50527,172.59742524,buy
1498348694,39452158,0.50527,120.48024461,buy
1498348694,39452157,0.50527,57.95959758,buy
1498348694,39452156,0.50527,67.80553114,buy
1498348694,39452155,0.50527,81.30145494,buy
1498348694,39452154,0.50527,96.89381569,buy
1498348694,39452153,0.50519,174.06803132,buy
1498348694,39452152,0.50519,56.16078535,buy
1498348694,39452151,0.50519,444.35691487,buy
1498348694,39452150,0.50519,213.16165053,buy
1498348694,39452149,0.50519,156.49549139,buy
1498348694,39452148,0.50519,83.71984256,buy
1498348694,39452147,0.50519,119.7512254,buy
1498348656,39452106,0.5054,5.31322567,sell
1498348656,39452105,0.5054,59.35103127,sell
1498348656,39452104,0.5054,217.01211537,sell
1498348656,39452100,0.5054,68.39715094,sell
1498348656,39452093,0.5054,85.46188053,sell
1498348655,39452090,0.5054,88.18149529,sell
1498348655,39452086,0.5054,172.14214622,sell
1498348655,39452085,0.5054,127.82062493,sell
1498348655,39452083,0.5054,161.79090364,sell
1498348655,39452081,0.5054,165.82285334,sell
1498348654,39452076,0.5054,62.1395774,sell
1498348653,39452073,0.5054,62.1395774,sell
1498348653,39452072,0.5054,476.40342686,sell
1498348650,39452068,0.5054,55.19653058,sell
1498348648,39452067,0.5054,10.0,sell
1498348645,39452059,0.5054,85.03510643,sell
1498348638,39452055,0.5054,162.79391535,sell
1498348632,39452046,0.5054,137.34621829,sell
1498348630,39452044,0.5054,10.85162937,sell
1498348629,39452043,0.50519,192.14506082,buy
1498348629,39452042,0.50519,10.85162937,buy
1498348414,39451844,0.505,52.90228246,sell
1498348410,39451842,0.50338,61.56439441,buy
1498348306,39451753,0.50345,1364.7364666,buy
1498348306,39451752,0.50345,52.90228246,buy
1498348306,39451751,0.50344,82.36125094,buy
1498348176,39451687,0.5036,52.90228246,buy
1498348176,39451686,0.5036,82.36125094,buy
1498348147,39451667,0.50363,18.02648918,buy
1498348147,39451666,0.50363,52.90228246,buy
1498347918,39451400,0.50215,0.58,sell
1498347878,39451320,0.50509,4.30576475,sell
1498347878,39451319,0.50509,2.15713751,sell
1498347878,39451316,0.5051,37.19079202,sell
1498347878,39451315,0.50524,0.1,sell
1498347853,39451244,0.50737,225.0,buy
1498347779,39451099,0.5099,9.38625793,buy
1498347777,39451083,0.51,24.56871868,sell
1498347776,39451081,0.51,12038.66847011,sell
1498347776,39451080,0.5052,2436.76281121,buy
1498347768,39451062,0.5052,99.4568881,sell
1498347768,39451061,0.50521,100.72137531,sell
1498347768,39451060,0.50521,105.04371238,sell
1498347712,39450956,0.50522,105.04371238,sell
1498347712,39450955,0.50522,100.72137531,sell
1498347685,39450909,0.50522,5.33580373,sell
1498347685,39450908,0.5053,14.52419627,sell
1498347639,39450822,0.5073,100.0,buy
1498347571,39450710,0.50755,0.1,buy
1498347568,39450706,0.50758,0.1,buy
1498347566,39450693,0.50768,0.1,buy
1498347563,39450680,0.5077,0.1,buy
1498347544,39450568,0.50848,196.0,buy
1498347537,39450536,0.5088,5.5,buy
1498347489,39450423,0.51139,240.0,buy
1498347472,39450394,0.5051,17.80920798,sell
1498347472,39450393,0.50524,3.86879202,sell
1498347439,39450309,0.5142,4.0,buy
1498347423,39450288,0.5077,20.0,buy
1498347405,39450265,0.50779,115.0,buy
1498347399,39450256,0.50807,431.00516724,buy
1498347348,39450072,0.5109,3000.0,buy
1498347336,39450067,0.51159,32.74438247,buy
1498347336,39450066,0.51158,1117.448,buy
1498347241,39449928,0.5069,4.0,buy
1498347223,39449891,0.508,295.0,buy
1498347180,39449850,0.5104,3542.9434354,buy
1498347140,39449782,0.5127,4.5966677,buy
1498347106,39449696,0.5,77.27908129,buy
1498347105,39449681,0.5,194.46880836,buy
1498347104,39449675,0.5,142.22377223,buy
1498347104,39449674,0.5,71.2250569,buy
1498347103,39449672,0.5,71.17844982,buy
1498347103,39449671,0.5,187.467556,buy
1498347102,39449648,0.5,182.86159776,buy
1498347102,39449647,0.5,242.88891697,buy
1498347101,39449641,0.5,238.67793692,buy
1498347100,39449634,0.5,3.0,buy
1498347100,39449631,0.5,173.8435824,buy
1498347100,39449628,0.5,58.5450963,buy
1498347099,39449624,0.5,112.72101616,buy
1498347099,39449621,0.5,140.19176789,buy
1498347098,39449618,0.5,101.8371609,buy
1498347098,39449616,0.5,2004.0,buy
1498347098,39449615,0.5,178.04642536,buy
1498347094,39449588,0.5,448.238384,buy
1498347081,39449548,0.5,59.642,buy
1498347076,39449534,0.5,980.0,buy
1498347072,39449514,0.5,290.0,buy
1498346909,39449245,0.49848,29.87830671,sell
1498346908,39449241,0.49848,88.79875567,sell
1498346855,39449200,0.4961,0.30536416,sell
1498346654,39449062,0.4999,2056.35999993,buy
1498346654,39449061,0.49727,862.91328942,buy
1498346654,39449060,0.49726,7.4841634,buy
1498346654,39449059,0.497,230.0,buy
1498346576,39448783,0.4966,0.12,buy
1498346513,39448696,0.4958,91.89159434,sell
1498346508,39448690,0.4958,86.46358892,buy
1498346508,39448689,0.49579,7.52306969,buy
1498346467,39448582,0.4958,0.83302027,buy
1498346458,39448560,0.49301,0.83302027,buy
1498346454,39448549,0.49301,148.55379049,buy
1498346453,39448544,0.49301,51.92871844,buy
1498346453,39448539,0.49301,82.55756921,buy
1498346449,39448530,0.49301,51.74433165,buy
1498346448,39448525,0.49301,128.33456197,buy
1498346445,39448522,0.49301,146.78635309,buy
1498346443,39448519,0.49301,123.40398875,buy
1498346439,39448515,0.49302,128.77095555,sell
1498346405,39448474,0.49301,55.02325478,buy
1498346397,39448446,0.49301,76.73409981,buy
1498346394,39448445,0.49301,76.73409981,sell
1498346394,39448444,0.49302,96.5479834,sell
1498346386,39448439,0.493,1502.01908551,sell
1498346386,39448438,0.493,8497.98091449,sell
1498346379,39448435,0.49301,96.00317036,buy
1498346375,39448429,0.49301,73.96636237,buy
1498346375,39448427,0.49301,62.00619322,buy
1498346362,39448420,0.49301,69.98149327,buy
1498346351,39448407,0.493,465.02606936,buy
1498346347,39448405,0.493,54.75893073,buy
1498346339,39448403,0.493,71.22595507,buy
1498346308,39448374,0.49299,28.42815428,buy
1498346291,39448360,0.493,25.78592286,buy
1498346291,39448359,0.49299,14.21407714,buy
1498346253,39448318,0.48876,197.76143413,sell
1498346253,39448317,0.48879,60.56790587,sell
1498346111,39448035,0.4929,3600.0,buy
1498346099,39447969,0.4929,79.57097484,buy
1498346046,39447848,0.4931,0.296257,buy
1498346028,39447791,0.4931,70.0,buy
1498345984,39447655,0.4931,102.43585493,buy
1498345917,39447389,0.497,20.0,buy
1498345816,39447217,0.4876,7088.65079198,sell
1498345769,39447095,0.4876,24286.69755275,sell
1498345769,39447094,0.4879,7582.575,sell
1498345769,39447093,0.4879,2000.0,sell
1498345769,39447092,0.48791,5.43461815,sell
1498345720,39446971,0.487,2286.0,sell
1498345720,39446970,0.48758,336.51109038,sell
1498345720,39446969,0.488,250.0,sell
1498345720,39446968,0.489,1500.0,sell
1498345720,39446967,0.49,1000.0,sell
1498345720,39446966,0.49,1.0,sell
1498345720,39446965,0.49001,5000.0,sell
1498345720,39446964,0.491,1007.99243411,sell
1498345720,39446963,0.4921,0.1,sell
1498345720,39446962,0.4921,978.0,sell
1498345603,39446746,0.4918,696.95581787,sell
1498345603,39446745,0.49181,20.78751422,sell
1498345547,39446680,0.491,492.00756589,sell
1498345547,39446679,0.49105,4.53396117,sell
1498345547,39446678,0.49105,610.93687,sell
1498345499,39446567,0.492,1000.0,sell
1498345499,39446566,0.4939,15.0,sell
1498345499,39446565,0.4939,12.2737653,sell
1498345499,39446564,0.494,460.38815792,sell
1498345499,39446563,0.49401,197.17686504,sell
1498345485,39446542,0.4962,1490.0,buy
1498345399,39446338,0.4969,10.0,buy
1498345326,39446174,0.497,28.4192799,sell
1498345326,39446173,0.49701,23.49790007,sell
1498344748,39445552,0.4999,719.18169548,buy
1498344726,39445534,0.494,539.61184208,sell
1498344726,39445533,0.495,1600.0,sell
1498344726,39445532,0.495,202.02020202,sell
1498344726,39445531,0.4951,500.0,sell
1498344726,39445530,0.498,1000.0,sell
1498344726,39445529,0.499,1000.0,sell
1498344726,39445528,0.499,17.0,sell
1498344726,39445527,0.4999,141.21811052,sell
1498344726,39445526,0.49991,0.14984538,sell
1498344701,39445492,0.4999,79.9,sell
1498344701,39445491,0.49991,0.1,sell
1498344689,39445476,0.4999,16.80324968,sell
1498344689,39445475,0.49991,2.41675032,sell
1498344683,39445470,0.5,3125.11293586,buy
1498344675,39445460,0.5,500.0,buy
1498344662,39445444,0.5,30.00031582,buy
1498344644,39445424,0.5,300.0,buy
1498344639,39445420,0.5,86.55013906,sell
1498344595,39445328,0.4999,823.28157,sell
1498344595,39445327,0.49991,0.1,sell
1498344595,39445326,0.4999,164.57356731,sell
1498344595,39445325,0.4999,35.44936609,sell
1498344595,39445324,0.49999,0.1,sell
1498344595,39445323,0.5,0.15500678,sell
1498344595,39445322,0.5,5000.0,sell
1498344595,39445321,0.5,1000.0,sell
1498344595,39445320,0.5,175.43048982,sell
1498344523,39445217,0.5019,1.29560049,buy
1498344422,39445063,0.5,274.56951018,sell
1498344422,39445062,0.5,3725.43048982,sell
1498344407,39445056,0.5028,23.692255,buy
1498344386,39445036,0.5,240.0,sell
1498344359,39444994,0.5,30.0,sell
1498344359,39444993,0.5032,164.0,buy
1498343819,39444396,0.5089,13.0,buy
1498343796,39444377,0.5001,29.3,sell
1498343796,39444376,0.5001,9970.7,sell
1498343796,39444375,0.5002,5000.0,sell
1498343779,39444335,0.5099,100.0,buy
1498343768,39444324,0.5,399.73224984,sell
1498343768,39444323,0.50004,0.22774016,sell
1498343768,39444322,0.50004,0.1,sell
1498343768,39444321,0.50005,599.94001,sell
1498343755,39444300,0.5,229.95999,sell
1498343755,39444299,0.50004,0.1,sell
1498343755,39444298,0.50005,599.94001,sell
1498343745,39444290,0.5,5856.85727034,sell
1498343745,39444289,0.5,1000.0,sell
1498343745,39444288,0.5001,10000.0,sell
1498343745,39444287,0.50011,2765.61380894,sell
1498343745,39444286,0.5002,101.46416267,sell
1498343745,39444285,0.50116,40.0,sell
1498343745,39444284,0.50116,1.0,sell
1498343745,39444283,0.50121,41.0,sell
1498343745,39444282,0.5014,5000.0,sell
1498343745,39444281,0.5019,194.06475805,sell
1498343721,39444229,0.5145,136.01279198,buy
1498343721,39444228,0.51449,6952.638,buy
1498343711,39444207,0.5019,5.53524195,sell
1498343641,39443971,0.51888,124.81072944,buy
1498343616,39443829,0.5199,273.43527744,buy
1498343616,39443828,0.51985,587.60956,buy
1498343616,39443827,0.5168,199.6,buy
1498343616,39443826,0.515,10.0,buy
1498343616,39443825,0.51495,10.0,buy
1498343616,39443824,0.50563,114.3382483,buy
1498343616,39443823,0.50563,0.20762904,buy
1498343616,39443822,0.50563,75.01806559,buy
1498343616,39443821,0.50563,113.97483994,buy
1498343616,39443820,0.50563,119.94797245,buy
1498343616,39443819,0.50563,1.59215469,buy
1498343616,39443818,0.50563,113.97483994,buy
1498343616,39443817,0.50475,109.13825956,buy
1498343616,39443816,0.50471,88.30022637,buy
1498343616,39443815,0.50395,64.04361676,buy
1498343616,39443814,0.50395,166.98792966,buy
1498343616,39443813,0.50395,193.4984813,buy
1498343616,39443812,0.50395,240.05470169,buy
1498343616,39443811,0.50395,0.3,buy
1498343616,39443810,0.50394,89.40034067,buy
1498343616,39443809,0.502,86.2914622,buy
1498343616,39443808,0.502,142.2863944,buy
1498343607,39443770,0.502,64.20487163,buy
1498343591,39443736,0.502,88.85044,buy
1498343547,39443672,0.502,17.65829397,buy
1498343425,39443479,0.50494,17.35829397,buy
1498343425,39443478,0.50494,0.3,buy
1498343417,39443417,0.50564,111.46066433,buy
1498343417,39443416,0.50564,166.98792966,buy
1498343417,39443415,0.50564,240.05470169,buy
1498343417,39443414,0.50563,89.40034067,buy
1498343417,39443413,0.50563,123.63536351,buy
1498343417,39443412,0.50563,169.69030932,buy
1498343417,39443411,0.50563,109.13825956,buy
1498343417,39443410,0.50563,88.30022637,buy
1498343408,39443366,0.50493,1.76211236,sell
1498343408,39443365,0.50564,10.6727406,sell
1498343408,39443362,0.50564,50.95778609,sell
1498343408,39443360,0.50564,58.9361269,sell
1498343406,39443357,0.50564,170.44583419,sell
1498343402,39443334,0.50565,0.1,sell
1498343402,39443326,0.50564,783.180685,sell
1498343402,39443325,0.50564,635.80682722,sell
1498343402,39443324,0.50565,180.64221088,sell
1498343402,39443323,0.50565,1162.8472109,sell
1498343402,39443318,0.50565,75.41190044,sell
1498343402,39443317,0.50565,478.99335867,sell
1498343402,39443316,0.50565,81.40156779,sell
1498343402,39443312,0.50565,55.28080543,sell
1498343401,39443308,0.50565,275.59277542,sell
1498343401,39443305,0.50565,173.5180331,sell
1498343401,39443302,0.50565,87.90786655,sell
1498343400,39443297,0.50565,81.40097019,sell
1498343400,39443293,0.50565,252.36273858,sell
1498343400,39443291,0.50565,94.26048065,sell
1498343392,39443282,0.50565,21.0926442,sell
1498343335,39443128,0.50652,0.13,buy
1498343313,39443087,0.50657,0.27,buy
1498343277,39443019,0.50565,10.44478255,sell
1498343255,39443003,0.50565,10.24799145,sell
1498343254,39443000,0.50565,10.24799145,sell
1498343254,39442999,0.50565,10.24799145,sell
1498343254,39442996,0.50665,25.36810421,buy
1498343253,39442995,0.50667,2.07394045,sell
1498343252,39442994,0.50667,12.20643631,sell
1498343252,39442993,0.50666,0.20762904,buy
1498343250,39442981,0.50565,15.68336528,sell
1498343181,39442902,0.50565,5.22239127,sell
1498343180,39442900,0.50565,3.47035653,sell
1498343135,39442843,0.50566,11.26197599,sell
1498343135,39442842,0.50567,10.67962863,sell
1498343135,39442841,0.50567,49.74421729,sell
1498343122,39442820,0.50684,73.62248652,buy
1498343122,39442819,0.50684,58.9361269,buy
1498343122,39442818,0.50684,12.20643631,buy
1498343122,39442817,0.50684,0.20762904,buy
1498343122,39442816,0.50684,113.97483994,buy
1498343122,39442815,0.50684,1.59215469,buy
1498343113,39442795,0.50567,3.47020732,sell
1498343101,39442757,0.50567,2.32105868,sell
1498343101,39442756,0.50567,17.65829397,sell
1498343086,39442654,0.507,9.18856832,sell
1498343086,39442653,0.507,70.95125364,sell
1498343086,39442651,0.507,29.48720892,sell
1498343086,39442650,0.507,3.84614253,sell
1498343086,39442646,0.507,0.50166643,sell
1498343085,39442642,0.507,0.29622872,sell
1498343085,39442641,0.507,2.27112009,sell
1498343085,39442638,0.507,17.41200374,sell
1498343082,39442630,0.507,65.5524684,sell
1498343077,39442622,0.507,54.4362766,sell
1498343077,39442619,0.507,54.43630548,sell
1498343077,39442617,0.507,62.50633603,sell
1498343077,39442612,0.507,1.29418285,sell
1498343077,39442608,0.507,76.06748267,sell
1498343077,39442607,0.507,9.92181958,sell
1498343077,39442606,0.507,0.16878264,sell
1498343076,39442605,0.507,1.43089232,sell
1498343076,39442603,0.507,0.35927942,sell
1498343076,39442602,0.507,2.754708,sell
1498343076,39442599,0.507,0.18661214,sell
1498343076,39442596,0.507,10.97002502,sell
1498343076,39442595,0.507,84.10330938,sell
1498343076,39442594,0.507,0.79326347,sell
1498343076,39442591,0.507,6.08160362,sell
1498343076,39442590,0.507,0.1034908,sell
1498343076,39442589,0.507,46.62579375,sell
1498343075,39442584,0.507,5.97806301,sell
1498343075,39442582,0.507,0.10169789,sell
1498343075,39442580,0.507,0.77976683,sell
1498343074,39442569,0.507,7.5927984,sell
1498343074,39442568,0.507,0.12918275,sell
1498343074,39442564,0.507,0.99038449,sell
1498343074,39442563,0.507,58.21152083,sell
1498343074,39442561,0.507,0.14850538,sell
1498343074,39442560,0.507,8.72884964,sell
1498343074,39442556,0.507,1.13854127,sell
1498343070,39442531,0.507,98.5197997,sell
1498343068,39442526,0.507,0.63459085,sell
1498343068,39442525,0.507,69.25697897,sell
1498343068,39442523,0.507,4.86486455,sell
1498343068,39442519,0.507,37.29732808,sell
1498343067,39442518,0.507,2.56346418,sell
1498343067,39442517,0.507,0.33437788,sell
1498342930,39442265,0.507,775.83031482,buy
1498342921,39442243,0.50565,3.40254921,sell
1498342880,39442139,0.507,0.86514295,buy
1498342872,39442117,0.507,0.88791118,buy
1498342871,39442110,0.507,2.68103992,buy
1498342862,39442070,0.507,37.87718932,buy
1498342861,39442069,0.50706,25.6812365,sell
1498342861,39442068,0.50719,2.72097599,sell
1498342861,39442067,0.50719,37.87718932,sell
1498342815,39441987,0.50719,20.85756335,sell
1498342689,39441870,0.509,80.0,buy
1498342602,39441793,0.50729,10.15881657,sell
1498342602,39441792,0.50729,0.1,sell
1498342583,39441741,0.51589,500.0,buy
1498342529,39441653,0.50706,11.76172709,sell
1498342529,39441652,0.50706,15.79119915,sell
1498342528,39441651,0.50705,15.79119915,buy
1498342506,39441622,0.50489,131.71871719,sell
1498342499,39441604,0.50488,17.65829397,buy
1498342494,39441601,0.50487,23.2184625,buy
1498342493,39441598,0.50487,23.54102179,buy
1498342493,39441596,0.50487,23.54102179,buy
1498342493,39441595,0.50487,23.54102179,buy
1498342490,39441593,0.50488,1.3123596,buy
1498342490,39441592,0.50488,12.27611897,buy
1498342482,39441589,0.5049,12.27611897,sell
1498342482,39441588,0.5049,1.3123596,sell
1498342480,39441584,0.5049,4.77674477,buy
1498342480,39441581,0.5049,2.03094743,buy
1498342480,39441578,0.5049,0.26490619,buy
1498342480,39441576,0.5049,15.57059704,buy
1498342480,39441571,0.5049,0.79423101,buy
1498342480,39441570,0.5049,0.10359534,buy
1498342437,39441531,0.50126,14.61689484,sell
1498342436,39441530,0.50125,14.61689484,buy
1498342434,39441529,0.50498,4.72020637,buy
1498342433,39441527,0.50499,22.86000776,buy
1498342431,39441526,0.505,4.72020637,sell
1498342431,39441525,0.505,22.86000776,sell
1498342414,39441517,0.50503,33.27485533,buy
1498342408,39441510,0.50502,17.08491181,buy
1498342407,39441508,0.50502,25.11219716,buy
1498342403,39441502,0.50504,25.11219716,sell
1498342402,39441500,0.50504,58.17423891,buy
1498342402,39441499,0.50503,42.19710897,buy
1498342396,39441488,0.50506,33.12725324,buy
1498342396,39441487,0.50505,42.19710897,buy
1498342396,39441485,0.50505,114.92663662,buy
1498341998,39441020,0.50536,15.0,buy
1498341910,39440944,0.50609,0.1,sell
1498341910,39440943,0.5061,0.05466109,sell
1498341910,39440941,0.5061,136.38426247,sell
1498341910,39440940,0.50558,87.26135836,buy
1498341910,39440939,0.50557,68.29971808,buy
1498341800,39440829,0.50643,2.0,buy
1498341702,39440784,0.5052,195.96881624,sell
1498341702,39440783,0.5052,210.83118376,sell
1498341677,39440774,0.5052,12.06801916,sell
1498341507,39440632,0.50535,130.89203754,sell
1498341504,39440629,0.5053,131.35236182,sell
1498341504,39440628,0.5053,66.89538041,sell
1498341504,39440627,0.5053,83.09148378,sell
1498341502,39440626,0.50518,94.92673004,buy
1498341502,39440625,0.50518,215.71417857,buy
1498341502,39440624,0.50518,314.69084265,buy
1498341502,39440623,0.50518,312.24878816,buy
1498341502,39440622,0.50518,124.07784772,buy
1498341502,39440621,0.50518,94.92673004,buy
1498341502,39440620,0.50497,73.03165068,buy
1498341502,39440619,0.50497,9.52586748,buy
1498341502,39440618,0.50497,10.57848397,buy
1498341502,39440617,0.50497,4.48226657,buy
1498341502,39440616,0.50497,21.85002504,buy
1498341502,39440615,0.50496,34.36404364,buy
1498341502,39440614,0.50496,81.10171043,buy
1498341502,39440613,0.50496,5.48388937,buy
1498341502,39440612,0.50496,8.91722241,buy
1498341502,39440611,0.50496,42.04298507,buy
1498341502,39440610,0.50496,68.36537181,buy
1498341502,39440609,0.50496,325.63211169,buy
1498341502,39440608,0.50495,1.16311597,buy
1498341502,39440607,0.50495,2.85000327,buy
1498341502,39440606,0.50495,1.24250445,buy
1498341502,39440605,0.50495,0.71526598,buy
1498341502,39440604,0.50494,0.37173956,buy
1498341502,39440603,0.50493,1.37980226,buy
1498341502,39440602,0.50491,0.1620658,buy
1498341502,39440601,0.50491,0.58464346,buy
1498341502,39440600,0.50485,0.15171077,buy
1498341502,39440599,0.50484,0.17997421,buy
1498341502,39440598,0.50482,131.35236182,buy
1498341502,39440597,0.5042,66.89538041,buy
1498341502,39440596,0.5042,83.09148378,buy
1498341355,39440399,0.50456,65.59620726,buy
1498341344,39440348,0.50457,0.38851628,buy
1498341281,39440313,0.50476,19.18049429,buy
1498341281,39440312,0.50381,66.89538041,buy
1498340825,39439797,0.5063,765.0,buy
1498340792,39439661,0.5066,65.24488056,sell
1498340791,39439660,0.5066,223.9725193,sell
1498340790,39439658,0.5066,0.49702129,sell
1498340790,39439654,0.5066,29.21380687,sell
1498340790,39439653,0.5066,3.81049655,sell
1498340790,39439650,0.5066,2.89338712,sell
1498340787,39439620,0.5066,223.45526815,sell
1498340786,39439616,0.5066,268.33299077,sell
1498340786,39439615,0.50665,0.310119,sell
1498340786,39439614,0.50665,110.25470033,sell
1498340786,39439612,0.50665,281.96390943,sell
1498340785,39439610,0.5067,176.44437442,sell
1498340784,39439583,0.5067,88.49817585,sell
1498340783,39439572,0.5067,305.65083223,sell
1498340783,39439570,0.5067,242.5719887,sell
1498340782,39439560,0.5067,228.84051118,sell
1498340782,39439552,0.5067,228.84051118,sell
1498340781,39439547,0.5067,227.67330517,sell
1498340780,39439538,0.5067,1.34228691,sell
1498340780,39439537,0.5067,63.3824818,sell
1498340780,39439533,0.5067,66.00592124,sell
1498340780,39439525,0.5067,10.2908663,sell
1498340780,39439521,0.5067,0.1750809,sell
1498340780,39439519,0.5067,3.71931248,sell
1498340780,39439516,0.5067,0.48512771,sell
1498340780,39439515,0.5067,28.51472901,sell
1498340780,39439508,0.5067,218.61292241,sell
1498340779,39439505,0.5067,140.31304057,sell
1498340770,39439446,0.50665,9.01826916,sell
1498340769,39439444,0.50665,9.01162027,sell
1498340769,39439442,0.50665,9.01162027,sell
1498340769,39439439,0.50665,9.01162027,sell
1498340769,39439438,0.50665,9.01162027,sell
1498340769,39439437,0.50665,9.01162027,sell
1498340768,39439432,0.50665,9.01162027,sell
1498340768,39439430,0.50665,9.01162027,sell
1498340767,39439424,0.50665,9.01162027,sell
1498340767,39439422,0.50665,118.79412892,sell
1498340752,39439390,0.50665,20.13553478,sell
1498340752,39439389,0.50665,0.36717669,sell
1498340752,39439387,0.50665,21.58182977,sell
1498340752,39439386,0.50665,2.81502127,sell
1498340752,39439384,0.50665,165.46069489,sell
1498340752,39439383,0.50665,0.36717669,sell
1498340742,39439372,0.5067,90.26606942,sell
1498340742,39439371,0.5067,199.64803563,sell
1498340740,39439369,0.50665,212.92777255,sell
1498340739,39439362,0.50665,51.52205631,sell
1498340736,39439343,0.50665,131.13055235,sell
1498340730,39439313,0.50691,0.63376323,sell
1498340719,39439264,0.50678,21.15933374,buy
1498340716,39439256,0.5067,212.54126772,sell
1498340716,39439255,0.5067,25.7383773,sell
1498340715,39439253,0.5067,75.75991004,sell
1498340704,39439208,0.5068,192.2377876,sell
1498340704,39439202,0.5068,86.16328034,sell
1498340703,39439200,0.5068,3.48642229,sell
1498340685,39439101,0.5068,70.87379938,sell
1498340684,39439099,0.5068,70.87379938,sell
1498340682,39439088,0.5068,70.87379938,sell
1498340681,39439082,0.5068,70.87379938,sell
1498340680,39439079,0.5068,70.87379938,sell
1498340680,39439076,0.5068,70.87379938,sell
1498340668,39439069,0.50707,50.0,buy
1498340666,39439068,0.5072,50.0,buy
1498340661,39439066,0.50709,50.0,buy
1498340651,39439059,0.508,23.63440685,sell
1498340651,39439058,0.508,12.58913003,sell
1498340650,39439057,0.50724,13.77646312,buy
1498340650,39439056,0.50724,25.64914288,buy
1498340650,39439055,0.50715,12.58913003,buy
1498340650,39439054,0.50715,11.76172709,buy
1498340615,39439021,0.5074,62.0,buy
1498340610,39439013,0.5069,87.03261747,sell
1498340609,39439010,0.5069,154.85025545,sell
1498340607,39439007,0.5069,124.23041221,sell
1498340548,39438933,0.5067,27.18399292,sell
1498340541,39438922,0.509,12.24161279,sell
1498340540,39438916,0.509,2.24567496,sell
1498340540,39438915,0.509,37.17993075,sell
1498340540,39438913,0.50904,31.06287949,sell
1498340540,39438912,0.50904,2.7902611,sell
1498340540,39438911,0.50904,3.32678987,sell
1498340540,39438910,0.50905,2.24567525,sell
1498340539,39438904,0.50905,37.17993075,sell
1498340536,39438899,0.5081,4.4427554,sell
1498340494,39438873,0.50806,172.13210928,sell
1498340492,39438857,0.5199,8383.91729902,buy
1498340492,39438856,0.51984,172.32199918,buy
1498340492,39438855,0.51983,37.8507468,buy
1498340492,39438854,0.51969,94.438775,buy
1498340492,39438853,0.50826,99.3804644,buy
1498340477,39438850,0.50801,113.6905942,sell
1498340439,39438809,0.5067,2.63206767,sell
1498340439,39438806,0.5067,2.63206767,sell
1498340438,39438803,0.5067,2.63206767,sell
1498340437,39438798,0.5067,2.63206767,sell
1498340428,39438785,0.50872,4471.6224107,buy
1498340428,39438784,0.50871,115.84440671,buy
1498340406,39438772,0.50874,260.78613075,buy
1498340406,39438771,0.50873,125.21386925,buy
1498340383,39438741,0.508,118.31065178,sell
1498340383,39438740,0.508,15.43181542,sell
1498340382,39438736,0.508,103.92809514,sell
1498340381,39438732,0.508,10.18993795,sell
1498340381,39438730,0.508,9.08055531,sell
1498340378,39438714,0.508,46.5824001,sell
1498340377,39438707,0.508,10.18486557,sell
1498340377,39438706,0.508,9.07603517,sell
1498340375,39438701,0.508,200.43665712,sell
1498340374,39438700,0.508,10.18486557,sell
1498340374,39438691,0.508,10.16888954,sell
1498340374,39438690,0.508,109.99863058,sell
1498340373,39438688,0.508,69.47385187,sell
1498340373,39438686,0.508,9.06179804,sell
1498340373,39438683,0.508,110.08238095,sell
1498340372,39438682,0.508,140.47726258,sell
1498340371,39438677,0.508,250.55961471,sell
1498340371,39438674,0.508,8.96149472,sell
1498340371,39438673,0.508,325.40832432,sell
1498340370,39438667,0.508,96.21985529,sell
1498340370,39438665,0.508,372.53079889,sell
1498340369,39438661,0.508,52.33325194,sell
1498340369,39438659,0.508,5.67132655,sell
1498340369,39438657,0.508,10.75879029,sell
1498340369,39438652,0.508,372.53079889,sell
1498340368,39438646,0.508,256.01105172,sell
1498340368,39438641,0.508,161.19214368,sell
1498340368,39438640,0.508,10.75879029,sell
1498340368,39438637,0.508,109.04174425,sell
1498340366,39438622,0.508,94.34387449,sell
1498340366,39438621,0.50788,7683.676,buy
1498340366,39438620,0.50787,133.99770924,buy
1498340325,39438598,0.50674,9.43606275,sell
1498340325,39438597,0.50674,10.10156425,sell
1498340325,39438596,0.50674,29.9622972,sell
1498340302,39438560,0.50674,27.15667117,sell
1498340266,39438489,0.50674,6.77103163,sell
1498340248,39438481,0.5099,179.44606444,buy
1498340218,39438414,0.50501,3.58767511,sell
1498340217,39438412,0.50501,3.58767511,sell
1498340217,39438410,0.50501,3.58767511,sell
1498340217,39438408,0.5199,6132.91039488,buy
1498340217,39438407,0.5188,8000.0,buy
1498340217,39438406,0.5187,9268.3,buy
1498340217,39438405,0.51649,18.45542168,buy
1498340217,39438404,0.51644,18.455422,buy
1498340217,39438403,0.515,33.96,buy
1498340217,39438402,0.515,1000.0,buy
1498340217,39438401,0.51495,592.01958,buy
1498340217,39438400,0.51495,131.60467,buy
1498340217,39438399,0.513,399.6,buy
1498340217,39438398,0.5113,0.1,buy
1498340217,39438397,0.51001,17.0,buy
1498340217,39438396,0.51,0.5,buy
1498340217,39438395,0.51,1000.0,buy
1498340217,39438394,0.50999,136.35380197,buy
1498340217,39438393,0.5099,17843.74859,buy
1498340217,39438392,0.508,320.4923383,buy
1498340217,39438391,0.5079,5000.0,buy
1498340217,39438390,0.50674,148.04057761,buy
1498340217,39438389,0.5059,305.87,buy
1498340216,39438387,0.50501,3.58767511,sell
1498340216,39438385,0.50501,3.58767511,sell
1498340192,39438357,0.5059,5.9,buy
1498340190,39438348,0.50501,20.85043266,sell
1498340190,39438343,0.50501,15.72937145,sell
1498340190,39438341,0.50501,8.95676818,sell
1498340189,39438338,0.50501,8.95676818,sell
1498340186,39438330,0.50501,17.96192334,sell
1498340186,39438328,0.50501,40.96417991,sell
1498340185,39438324,0.50501,40.96417991,sell
1498340149,39438232,0.5064,129.44,buy
1498340115,39438186,0.505,17.29032793,sell
1498340109,39438182,0.50599,0.88812938,sell
1498340109,39438181,0.506,11.82154269,sell
1498340109,39438178,0.50599,29.11187062,sell
1498340109,39438177,0.506,0.88812938,sell
1498340105,39438175,0.505,11.13728081,sell
1498340104,39438173,0.505,31.58450555,sell
1498340104,39438172,0.505,15.22417994,sell
1498340104,39438171,0.505,11.13728081,sell
1498340104,39438170,0.505,15.22843951,sell
1498340103,39438169,0.505,16.93471835,sell
1498340103,39438168,0.505,24.92212055,sell
1498340103,39438167,0.50488,220.45059419,buy
1498340103,39438166,0.50461,16.93471835,buy
1498340103,39438165,0.50461,24.92212055,buy
1498340103,39438164,0.50459,11.13728081,buy
1498340103,39438163,0.50459,31.58450555,buy
1498340103,39438162,0.50459,15.22417994,buy
1498340103,39438161,0.50459,15.22843951,buy
1498340103,39438160,0.50459,11.13728081,buy
1498340060,39438110,0.50484,107.19081305,buy
1498340060,39438109,0.50481,16.93471835,buy
1498340060,39438108,0.50481,31.58450555,buy
1498340060,39438107,0.50481,11.13728081,buy
1498340060,39438106,0.50481,15.22843951,buy
1498340060,39438105,0.50481,15.22417994,buy
1498340060,39438104,0.50481,24.92212055,buy
1498340060,39438103,0.50481,11.13728081,buy
1498340060,39438102,0.5048,125.71976527,buy
1498340043,39438064,0.50311,15.21874466,sell
1498340043,39438063,0.50311,116.67681951,sell
1498340043,39438062,0.50311,15.8764006,sell
1498340039,39438044,0.50499,16.54444559,sell
1498340039,39438043,0.50499,11.99545985,sell
1498340039,39438040,0.50499,91.96497193,sell
1498340038,39438029,0.505,1.0,sell
1498340038,39438028,0.505,10.13728081,sell
1498340025,39438018,0.505,210.19972855,sell
1498340020,39437992,0.507,1442.16385043,buy
1498340020,39437991,0.506,100.0,buy
1498340020,39437990,0.50599,139.83614957,buy
1498340014,39437970,0.505,10.7029632,sell
1498340014,39437969,0.505,301.54481496,sell
1498340014,39437968,0.505,64.05243051,sell
1498340013,39437964,0.505,37.17988606,sell
1498340012,39437963,0.50487,175.73184599,buy
1498339989,39437931,0.5048,597.95004993,buy
1498339935,39437868,0.5031,25.68520848,sell
1498339932,39437863,0.5031,25.68520848,sell
1498339915,39437857,0.5031,26.90583267,sell
1498339915,39437854,0.5031,8.35400832,sell
1498339915,39437850,0.5031,78.3609515,sell
1498339913,39437848,0.503,117.13393014,buy
1498339896,39437842,0.503,828.36606986,buy
1498339887,39437820,0.503,10.5,buy
1498339884,39437819,0.503,14.0,buy
1498339859,39437806,0.503,30.0,buy
1498339785,39437751,0.50116,130.91856035,sell
1498339709,39437698,0.50116,15.6121903,sell
1498339689,39437660,0.50116,43.92029927,sell
1498339631,39437608,0.50116,830.0,buy
1498339589,39437585,0.50116,90.0,buy
1498339584,39437580,0.5,50.0,sell
1498339562,39437569,0.50116,80.0,buy
1498339497,39437470,0.5,833.66580788,buy
1498339495,39437468,0.5,86.33419212,buy
1498339475,39437448,0.5,80.0,buy
1498339427,39437403,0.4999,154.60266234,sell
1498339425,39437402,0.49999,240.62524346,buy
1498339354,39437356,0.49999,22.0,buy
1498339311,39437313,0.4999,57.63058572,sell
1498339310,39437312,0.4999,149.75213722,sell
1498339310,39437311,0.5,0.18204791,sell
1498339305,39437298,0.5,44.55880522,sell
1498339304,39437296,0.5,52.31607482,sell
1498339301,39437282,0.5,50.92992184,sell
1498339299,39437272,0.5,6.64303329,sell
1498339298,39437265,0.5,30.2419942,sell
1498339293,39437247,0.50133,221.74697869,sell
1498339293,39437243,0.50133,213.5005252,sell
1498339293,39437241,0.50133,12.22239611,sell
1498339266,39437190,0.5,249.1249586,sell
1498339262,39437180,0.5,172.42746622,sell
1498339248,39437167,0.5,203.5756979,sell
1498339054,39436889,0.5014,157.76281233,sell
1498339053,39436888,0.5014,1445.63655892,sell
1498339053,39436887,0.5014,195.57614499,sell
1498339053,39436884,0.5014,115.18329393,sell
1498339022,39436845,0.5014,181.19490444,sell
1498339022,39436844,0.50198,3.0,sell
1498339001,39436816,0.5014,7.17909772,sell
1498338952,39436659,0.503,169.54940581,buy
1498338952,39436658,0.50297,18.37168958,buy
1498338952,39436657,0.50296,172.07890461,buy
1498338939,39436638,0.50199,88.9672359,buy
1498338939,39436637,0.5014,0.23,buy
1498338856,39436376,0.49991,12.87947048,sell
1498338849,39436327,0.4999,21.72844538,sell
1498338849,39436326,0.4999,2.83414504,sell
1498338848,39436325,0.4999,0.3696711,sell
1498338848,39436324,0.4999,13.00941673,sell
1498338848,39436322,0.4999,1.15513143,sell
1498338848,39436321,0.4999,8.85577318,sell
1498338848,39436317,0.4999,8.85595033,sell
1498338845,39436274,0.49991,0.93688097,sell
1498338845,39436266,0.49991,7.18275407,sell
1498338844,39436254,0.49991,49.99886027,sell
1498338723,39436110,0.4999,349.5,sell
1498338622,39436019,0.501,342.28286011,buy
1498338622,39436018,0.50099,26.71713988,buy
1498338554,39435757,0.50107,7.44119478,buy
1498338549,39435742,0.4999,0.21604817,sell
1498338495,39435666,0.50299,193.64328465,sell
1498338461,39435649,0.50299,900.0,sell
1498338457,39435638,0.50299,993.64718364,sell
1498338412,39435451,0.50299,100.0,sell
1498338399,39435385,0.50299,85.98824201,sell
1498338390,39435358,0.50299,15.59657811,sell
1498338389,39435347,0.50299,50.72442782,sell
1498338388,39435341,0.50299,70.98772079,sell
1498338388,39435337,0.50299,59.34639774,sell
1498338388,39435336,0.50299,77.900852,sell
1498338387,39435332,0.50299,20.12290343,sell
1498338387,39435327,0.50299,93.84594844,sell
1498338387,39435325,0.50299,85.31452885,sell
1498338387,39435323,0.50299,58.69928322,sell
1498338386,39435318,0.50299,70.98772079,sell
1498338385,39435315,0.50299,76.59710845,sell
1498338385,39435312,0.50299,103.41734509,sell
1498338385,39435309,0.50299,96.21712167,sell
1498338385,39435305,0.50299,100.77429491,sell
1498338384,39435304,0.50299,127.52103634,sell
1498338384,39435299,0.50299,66.99551052,sell
1498338383,39435297,0.50299,65.50832654,sell
1498338383,39435294,0.50299,73.40610548,sell
1498338383,39435291,0.50299,78.0928958,sell
1498338383,39435280,0.50299,70.98772079,sell
1498338382,39435274,0.50299,61.39182108,sell
1498338382,39435270,0.50299,60.93659257,sell
1498338382,39435266,0.50299,67.86307602,sell
1498338382,39435260,0.50299,68.91280528,sell
1498338382,39435255,0.50299,81.58868884,sell
1498338382,39435254,0.50299,15.60445151,sell
1498338381,39435247,0.50299,35.38463041,sell
1498338380,39435243,0.50299,137.97722064,sell
1498338379,39435239,0.50299,10.97375492,sell
1498338379,39435237,0.50299,66.49106373,sell
1498338379,39435231,0.50299,248.39883703,sell
1498338379,39435229,0.50299,74.39612733,sell
1498338378,39435220,0.50299,70.98772079,sell
1498338378,39435218,0.50299,74.39612733,sell
1498338378,39435214,0.50299,2977.828098,sell
1498338378,39435213,0.50299,2973.65001245,sell
1498338378,39435212,0.50299,51.18931923,sell
1498338377,39435207,0.50299,132.49828849,sell
1498338376,39435203,0.50299,16.76940064,sell
1498338376,39435195,0.50299,9.08727427,sell
1498338376,39435194,0.50299,38.07143806,sell
1498338376,39435191,0.50299,103.847317,sell
1498338376,39435181,0.50299,12.19122409,sell
1498338375,39435179,0.50299,28.20147708,sell
1498338375,39435175,0.50299,40.89267295,sell
1498338375,39435171,0.50299,23.3411361,sell
1498338374,39435167,0.50299,9.03703373,sell
1498338372,39435160,0.50359,1.0,buy
1498338369,39435154,0.50299,105.84105101,sell
1498338369,39435153,0.50299,70.36947114,sell
1498338368,39435149,0.50299,74.31178126,sell
1498338368,39435141,0.50299,68.13894201,sell
1498338364,39435134,0.50378,1.0,buy
1498338360,39435133,0.50299,42.25590053,sell
1498338359,39435126,0.50299,112.6974347,sell
1498338359,39435123,0.50299,105.81439949,sell
1498338358,39435119,0.50299,210.21271735,sell
1498338358,39435115,0.50299,78.12815586,sell
1498338358,39435114,0.503,107.56154528,sell
1498338358,39435110,0.503,126.14756228,sell
1498338357,39435109,0.503,82.25279264,sell
1498338357,39435105,0.503,85.17617401,sell
1498338356,39435101,0.503,65.98410926,sell
1498338356,39435094,0.503,85.42567727,sell
1498338335,39435064,0.503,16.68568552,sell
1498338335,39435058,0.503,19.38930986,sell
1498338335,39435054,0.503,42.2045765,sell
1498338335,39435052,0.503,40.53111755,sell
1498338335,39435050,0.503,48.89794272,sell
1498338334,39435040,0.503,52.60250302,sell
1498338334,39435037,0.503,26.24993896,sell
1498338334,39435032,0.503,83.65089731,sell
1498338334,39435030,0.503,10.91120338,sell
1498338333,39435024,0.503,54.1617253,sell
1498338333,39435021,0.503,22.61564998,sell
1498338287,39434959,0.503,29.55158916,sell
1498338287,39434958,0.5031,4970.44841084,sell
1498338247,39434930,0.503,5.0,buy
1498338231,39434919,0.50289,5.0,buy
1498338216,39434916,0.50289,5.0,buy
1498338213,39434910,0.5023,10.29472984,sell
1498338088,39434836,0.50229,0.33,buy
1498338058,39434781,0.5025,256.5872966,buy
1498338058,39434780,0.50249,1.4127034,buy
1498338006,39434719,0.5029,2.89912701,buy
1498338006,39434718,0.50289,2.10087299,buy
1498337983,39434708,0.5019,390.0,buy
1498337889,39434587,0.5,176.45274376,buy
1498337878,39434570,0.5,603.127129,buy
1498337875,39434568,0.5,72.35452964,buy
1498337874,39434562,0.5,197.06994007,buy
1498337873,39434558,0.5,25.0,buy
1498337864,39434544,0.5,100.1001001,buy
1498337860,39434534,0.5,35.89555742,buy
1498337860,39434533,0.5,5.0,buy
1498337860,39434532,0.5,156.1743826,buy
1498337859,39434513,0.5,25.0,buy
1498337853,39434512,0.5,25.0,buy
1498337821,39434489,0.4999,105.36884142,buy
1498337821,39434488,0.4999,76.38935395,buy
1498337821,39434486,0.4999,25.0,buy
1498337820,39434485,0.4999,135.47520854,buy
1498337820,39434464,0.4999,84.69331188,buy
1498337820,39434463,0.4999,167.90800254,buy
1498337818,39434461,0.5,72.35452964,buy
1498337817,39434456,0.5,72.8477479,buy
1498337816,39434454,0.5,76.5992558,buy
1498337816,39434452,0.5,105.3608673,buy
1498337810,39434438,0.5,25.0,buy
1498337810,39434437,0.5,25.0,buy
1498337807,39434410,0.5,25.0,buy
1498337802,39434407,0.5,25.0,buy
1498337799,39434404,0.5,25.0,buy
1498337761,39434365,0.5,197.06994044,buy
1498337758,39434361,0.5,50.0,buy
1498337756,39434359,0.5,50.0,buy
1498337752,39434356,0.5,50.0,buy
1498337740,39434331,0.5,52.0,buy
1498337735,39434318,0.5,50.0,buy
1498337722,39434293,0.5,63.2347694,buy
1498337721,39434291,0.5,63.2347694,buy
1498337721,39434289,0.5,72.1548916,buy
1498337721,39434285,0.5,72.1548916,buy
1498337606,39434090,0.5,14.6,buy
1498337575,39434070,0.49995,0.4,buy
1498337567,39434066,0.4999,1000.0,buy
1498337555,39434063,0.4999,535.0,buy
1498337539,39434057,0.4999,60.90526651,buy
1498337536,39434055,0.4999,716.66,buy
1498337491,39433991,0.4994,57.948717,buy
1498337489,39433990,0.4994,94.901283,buy
1498337421,39433871,0.4953,69.47215401,sell
1498337421,39433870,0.49938,10.52784599,sell
1498337366,39433780,0.49938,40.98215401,sell
1498337361,39433773,0.49938,958.49,sell
1498337345,39433749,0.49938,1000.0,sell
1498337339,39433745,0.49997,1.0,buy
1498337311,39433721,0.49938,1.0,buy
1498337268,39433694,0.49938,1.0,buy
1498337125,39433527,0.4941,11.6999892,sell
1498337125,39433526,0.4941,50.0,sell
1498337097,39433461,0.5,607.21395432,buy
1498337097,39433460,0.5,697.0,buy
1498337097,39433459,0.49779,26.0,buy
1498337052,39433407,0.49779,65.0,buy
1498336912,39433187,0.49778,80.0,buy
1498336879,39432966,0.49558,221.25473959,buy
1498336855,39432846,0.49558,1224.74112345,buy
1498336855,39432845,0.49555,168.52787655,buy
1498336842,39432808,0.49555,75.0,buy
1498336825,39432750,0.49523,0.54,buy
1498336824,39432748,0.49555,348.35688697,buy
1498336824,39432747,0.49523,44.664314,buy
1498336824,39432746,0.4951,6.97879903,buy
1498336770,39432646,0.49555,247.59059454,buy
1498336770,39432645,0.49529,5.93521749,buy
1498336770,39432644,0.49524,11.87043497,buy
1498336769,39432643,0.49555,184.0139452,buy
1498336769,39432642,0.4953,155.10641847,buy
1498336769,39432641,0.49525,155.10642,buy
1498336769,39432640,0.49513,10.28618,buy
1498336769,39432639,0.49512,14.69454233,buy
1498336707,39432559,0.49539,630.0,sell
1498336707,39432558,0.49539,109.37652625,sell
1498336707,39432557,0.4954,377.51705528,sell
1498336703,39432550,0.49555,1525.41877317,buy
1498336703,39432549,0.49554,14.58122683,buy
1498336698,39432548,0.49554,1.10456403,buy
1498336690,39432534,0.49554,151.0,buy
1498336673,39432525,0.49554,25.0,buy
1498336655,39432521,0.49554,0.1,sell
1498336646,39432506,0.49555,7119.76097159,buy
1498336646,39432505,0.49554,384.59815741,buy
1498336645,39432502,0.4955,159.707232,buy
1498336631,39432428,0.4955,0.1,buy
1498336629,39432427,0.4955,0.1,buy
1498336628,39432426,0.4955,0.1,buy
1498336626,39432422,0.4955,0.1,buy
1498336615,39432409,0.4955,0.1,buy
1498336613,39432408,0.4955,886.33210776,buy
1498336607,39432394,0.4955,0.1,buy
1498336581,39432361,0.4954,5.0,buy
1498336535,39432327,0.49539,2.18796336,buy
1498336524,39432316,0.49539,0.1,buy
1498336485,39432247,0.4954,39.73386227,buy
1498336485,39432246,0.494,65.95052273,buy
1498336485,39432240,0.49244,39.73386241,buy
1498336485,39432239,0.49244,360.26613759,buy
1498336485,39432238,0.49239,275.89566,buy
1498336485,39432237,0.49202,333.83564717,buy
1498336485,39432236,0.49201,9.09155524,buy
1498336462,39432166,0.487,26.764209,buy
1498336385,39432072,0.4853,186.86,sell
1498336277,39431916,0.4922,25.0,buy
1498336243,39431828,0.4924,59.3154515,buy
1498336160,39431712,0.4867,75.0,sell
1498336160,39431711,0.4924,5.0,sell
1498336117,39431643,0.49254,60.0,sell
1498336087,39431608,0.49255,59.09493064,buy
1498336087,39431607,0.4925,85.827037,buy
1498336087,39431606,0.49249,5.17803236,buy
1498336040,39431535,0.49237,0.1677067,buy
1498336001,39431466,0.4853,80.0,sell
1498335824,39431189,0.493,48.95606729,buy
1498335824,39431188,0.49299,31.04393271,buy
1498335798,39431098,0.4844,80.0,sell
1498335762,39430978,0.4924,55.76797507,buy
1498335762,39430977,0.49239,30.05906153,buy
1498335713,39430907,0.48001,17272.21886228,sell
1498335713,39430906,0.4802,7139.286,sell
1498335713,39430905,0.4802,63.39025,sell
1498335713,39430904,0.4802,650.0,sell
1498335713,39430903,0.48065,624.15731,sell
1498335713,39430902,0.48066,0.26861284,sell
1498335713,39430901,0.4807,4250.67896488,sell
1498335711,39430900,0.4947,50.9178726,buy
1498335710,39430899,0.4807,749.32103512,sell
1498335632,39430744,0.4948,84.762286,buy
1498335616,39430693,0.4807,44400.48994723,sell
1498335616,39430692,0.48873,175.90871277,sell
1498335616,39430691,0.48915,613.31017,sell
1498335616,39430690,0.48915,613.31017,sell
1498335616,39430689,0.4892,7411.481,sell
1498335616,39430688,0.4893,14719.5,sell
1498335616,39430687,0.49334,65.0,sell
1498335616,39430686,0.49334,1.0,sell
1498335511,39430497,0.49555,218.45254099,buy
1498335494,39430452,0.49555,37.0,sell
1498335494,39430451,0.49555,75.87841099,sell
1498335474,39430387,0.49558,60.0,buy
1498335456,39430363,0.49555,100.0,sell
1498335446,39430351,0.49558,9.45331183,buy
1498335442,39430313,0.49558,79.58432481,buy
1498335440,39430292,0.49558,9.45452447,buy
1498335438,39430275,0.49558,10.01001001,buy
1498335434,39430235,0.49558,79.58432481,buy
1498335433,39430223,0.49558,79.58432481,buy
1498335432,39430215,0.49558,79.58432481,buy
1498335406,39430076,0.49558,146.7489914,buy
1498335406,39430075,0.49555,353.2510086,buy
1498335406,39430074,0.4952,5000.0,buy
1498335383,39429936,0.49339,85.85772244,buy
1498335375,39429869,0.49172,23.72271627,buy
1498335374,39429867,0.49172,222.91863098,buy
1498335374,39429865,0.49172,80.20906143,buy
1498335374,39429862,0.49172,222.91863098,buy
1498335374,39429854,0.49172,80.20906143,buy
1498335374,39429851,0.49172,222.91863098,buy
1498335373,39429842,0.49172,80.20906143,buy
1498335372,39429840,0.49172,387.58725252,buy
1498335371,39429824,0.49172,80.20906143,buy
1498335371,39429823,0.49172,80.20906143,buy
1498335371,39429819,0.49172,80.20906143,buy
1498335370,39429816,0.49172,80.20906143,buy
1498335370,39429814,0.49172,80.20906143,buy
1498335369,39429800,0.49172,80.20906143,buy
1498335369,39429796,0.49172,80.20906143,buy
1498335369,39429794,0.49172,80.20906143,buy
1498335368,39429792,0.49172,80.20906143,buy
1498335368,39429788,0.49172,387.3284642,buy
1498335367,39429781,0.49172,222.94990034,buy
1498335367,39429780,0.49171,32.00083136,buy
1498335367,39429777,0.49171,80.20906143,buy
1498335367,39429776,0.49172,222.92961599,buy
1498335367,39429772,0.49169,355.2521598,buy
1498335365,39429762,0.49172,370.81217573,buy
1498335365,39429761,0.49171,16.42604758,buy
1498335364,39429750,0.49172,370.39777941,buy
1498335364,39429749,0.49171,16.42604758,buy
1498335363,39429743,0.49172,386.84970582,buy
1498335363,39429742,0.49172,370.41105696,buy
1498335363,39429741,0.49171,16.42604758,buy
1498335362,39429722,0.49172,206.51967985,buy
1498335362,39429721,0.49171,16.42604758,buy
1498335362,39429712,0.49172,206.48367165,buy
1498335362,39429711,0.49171,16.42604758,buy
1498335361,39429702,0.49172,386.30658963,buy
1498335361,39429701,0.49172,369.8802028,buy
1498335361,39429700,0.49171,16.42604758,buy
1498335360,39429684,0.49172,377.4103141,buy
1498335360,39429683,0.49171,8.90906011,buy
1498335357,39429664,0.48819,0.03030178,buy
1498335357,39429662,0.48819,175.87841099,buy
1498335354,39429646,0.48411,918.53008678,sell
1498335354,39429645,0.48411,81.46991322,sell
1498335345,39429585,0.4838,500.0,sell
1498335326,39429442,0.48271,918.29380024,sell
1498335326,39429441,0.48271,81.70619976,sell
1498335320,39429440,0.4823,1000.0,sell
1498335303,39429366,0.4814,138.4155241,sell
1498335303,39429365,0.48141,81.92683926,sell
1498335303,39429364,0.48141,103.27969758,sell
1498335285,39429310,0.4803,145.27907263,sell
1498335285,39429309,0.48221,4.906415,sell
1498335285,39429308,0.48222,1.10761121,sell
1498335285,39429307,0.4888,273.25585556,sell
1498335285,39429306,0.48882,294.55926463,sell
1498335285,39429305,0.48884,80.68161298,sell
1498335285,39429304,0.4889,119.53845662,sell
1498335285,39429303,0.4889,80.67171137,sell
1498335258,39429219,0.4885,103.27972931,buy
1498335258,39429216,0.4885,222.81818593,buy
1498335258,39429213,0.4885,386.90208476,buy
1498335226,39429129,0.4882,6021.24232344,buy
1498335226,39429125,0.4882,1914.57691094,buy
1498335226,39429124,0.4882,80.78738158,buy
1498335226,39429123,0.4882,718.362854,buy
1498335226,39429122,0.4882,222.7981037,buy
1498335226,39429116,0.4882,386.91511747,buy
1498335225,39429113,0.4882,359.06747562,buy
1498335225,39429112,0.4882,222.79633937,buy
1498335219,39429092,0.48809,62.748323,buy
1498335218,39429091,0.4882,27.75082598,buy
1498335217,39429087,0.48814,359.32859023,buy
1498335214,39429079,0.4882,219.11559514,buy
1498335214,39429078,0.48819,3.7588406,buy
1498335214,39429066,0.4882,214.9616985,buy
1498335214,39429065,0.48814,7.5176812,buy
1498335213,39429062,0.4882,87.90881386,buy
1498335213,39429061,0.48815,127.06689,buy
1498335213,39429060,0.48814,7.5176812,buy
1498335209,39429049,0.4882,127.91031085,buy
1498335209,39429048,0.48819,7.5176812,buy
1498335209,39429047,0.48815,251.61761,buy
1498335206,39429032,0.4882,217.49463404,buy
1498335206,39429031,0.48819,5.01178985,buy
1498335206,39429024,0.4882,56.2001245,buy
1498335205,39429018,0.4882,222.50630772,buy
1498335205,39429016,0.48827,5.870677,sell
1498335165,39428773,0.48828,80.77414534,buy
1498335165,39428771,0.48828,80.77414534,buy
1498335164,39428762,0.48828,287.99007639,buy
1498335164,39428760,0.48828,80.77249112,buy
1498335164,39428757,0.48828,484.64487207,buy
1498335164,39428754,0.48828,80.77414534,sell
1498335052,39428402,0.4924,5000.0,sell
1498335049,39428399,0.4924,219.76369107,sell
1498335049,39428395,0.4924,126.72114904,sell
1498335049,39428392,0.4924,57.95534709,sell
1498335048,39428390,0.4924,195.38615613,sell
1498335048,39428386,0.4924,125.66574601,sell
1498335048,39428383,0.4924,195.38615613,sell
1498335043,39428367,0.4924,5000.0,sell
1498335043,39428366,0.4924,196.3081265,sell
1498334705,39426949,0.4883,500.0,sell
1498334702,39426909,0.48838,25.59484129,buy
1498334702,39426908,0.48838,245.93361233,buy
1498334691,39426827,0.48831,80.76918286,sell
1498334621,39426476,0.49559,20.0,buy
1498334615,39426417,0.49,66.5,buy
1498334521,39425722,0.495,275.0,buy
1498334499,39425662,0.48827,5546.0,sell
1498334482,39425620,0.4969,486.72279014,buy
1498334442,39425387,0.48001,1230.30245231,sell
1498334442,39425386,0.48005,500.0,sell
1498334442,39425385,0.4801,3069.69754769,sell
1498334442,39425384,0.4801,18330.70245231,sell
1498334442,39425383,0.4801,1922.08672086,sell
1498334442,39425382,0.4801,100.0,sell
1498334442,39425381,0.4801,100.0,sell
1498334442,39425380,0.48052,1537.66937669,sell
1498334442,39425379,0.481,100.0,sell
1498334442,39425378,0.48112,6300.0,sell
1498334442,39425377,0.48149,500.0,sell
1498334442,39425376,0.48194,500.0,sell
1498334442,39425375,0.48199,500.0,sell
1498334442,39425374,0.482,12856.4,sell
1498334442,39425373,0.48277,20.0,sell
1498334442,39425372,0.48282,20.0,sell
1498334442,39425371,0.48293,500.0,sell
1498334442,39425370,0.48436,500.0,sell
1498334442,39425369,0.485,2300.0,sell
1498334442,39425368,0.485,3.1,sell
1498334442,39425367,0.485,10.0,sell
1498334442,39425366,0.4858,500.0,sell
1498334442,39425365,0.48822,793.496,sell
1498334442,39425364,0.48823,852.897,sell
1498334442,39425363,0.48823,189.0935767,sell
1498334442,39425362,0.489,1564.55487344,sell
1498334359,39425195,0.49015,241.84492432,sell
1498334351,39425189,0.486,41279.21578998,sell
1498334351,39425188,0.48601,10.32804832,sell
1498334351,39425187,0.48646,1729.87804878,sell
1498334351,39425186,0.48651,428.83803,sell
1498334351,39425185,0.4867,187.70794072,sell
1498334351,39425184,0.48675,187.70794,sell
1498334351,39425183,0.48724,500.0,sell
1498334351,39425182,0.488,300.0,sell
1498334351,39425181,0.48867,500.0,sell
1498334351,39425180,0.489,1742.8602813,sell
1498334351,39425179,0.49,251.72567352,sell
1498334351,39425178,0.49,1.0,sell
1498334351,39425177,0.49001,189.0935767,sell
1498334351,39425176,0.4901,5000.0,sell
1498334284,39425042,0.49299,100.0,buy
1498334279,39425034,0.48914,435.44512656,sell
1498334248,39424959,0.48912,60.9064233,sell
1498334248,39424958,0.48912,189.0935767,sell
1498334235,39424899,0.493,73.96886184,buy
1498334234,39424896,0.493,189.28285956,buy
1498334234,39424894,0.493,73.53962334,buy
1498334234,39424893,0.49299,115.74323622,buy
1498334189,39424781,0.49289,46.17818444,buy
1498334183,39424770,0.48901,50.0,sell
1498334174,39424745,0.493,662.71378839,buy
1498334174,39424744,0.49299,203.18629874,buy
1498334166,39424710,0.49299,21.91620497,buy
1498334165,39424709,0.49299,167.36665459,buy
1498334111,39424431,0.489,257.1397187,sell
1498334111,39424430,0.48941,1345.4607046,sell
1498334111,39424429,0.49,58.0,sell
1498334111,39424428,0.49,550.0,sell
1498334111,39424427,0.49,1000.476,sell
1498334111,39424426,0.49,300.0,sell
1498334111,39424425,0.49,50.83,sell
1498334111,39424424,0.49,438.0935767,sell
1498334111,39424423,0.49,684.9064233,sell
1498334111,39424422,0.4939,126.0,sell
1498334111,39424421,0.49391,189.0935767,sell
1498334040,39424106,0.49908,200.0,buy
1498334022,39423867,0.50067,89.96135417,buy
1498334022,39423866,0.50064,194.22254,buy
1498334022,39423865,0.49943,207.58142,buy
1498334022,39423864,0.49914,167.36665,buy
1498334022,39423863,0.49892,312.86803583,buy
1498333957,39423678,0.49354,1500.7069973,sell
1498333956,39423666,0.49353,74.4472233,sell
1498333956,39423665,0.49354,189.0935767,sell
1498333937,39423455,0.49343,7123.72779426,sell
1498333937,39423454,0.49343,198.04383487,sell
1498333937,39423453,0.49344,189.0935767,sell
1498333933,39423444,0.49333,4.8,sell
1498333933,39423443,0.4934,8454.8,sell
1498333925,39423405,0.49291,2461.25474846,sell
1498333925,39423404,0.49291,189.0935767,sell
1498333925,39423403,0.49292,198.02911623,sell
1498333925,39423402,0.493,5000.0,sell
1498333911,39423359,0.49241,7139.50958432,sell
1498333911,39423358,0.49245,407.88693,sell
1498333911,39423357,0.49246,15.60990898,sell
1498333911,39423356,0.49246,189.0935767,sell
1498333911,39423355,0.4925,5000.0,sell
1498333907,39423280,0.50413,6.26816411,sell
1498333907,39423273,0.50413,2904.25754294,sell
1498333898,39423161,0.4921,194.87644,sell
1498333890,39423076,0.4919,3195.00885559,sell
1498333890,39423075,0.49191,7030.408,sell
1498333890,39423074,0.49192,5.61419573,sell
1498333890,39423073,0.49193,189.0935767,sell
1498333890,39423072,0.492,5000.0,sell
1498333886,39423054,0.4918,15529.05666871,sell
1498333879,39423039,0.49569,189.28285956,buy
1498333878,39423032,0.49566,44.06219082,buy
1498333878,39423031,0.49565,145.03138588,buy
1498333878,39423030,0.49565,82.82576766,buy
1498333870,39423015,0.49575,211.17338577,buy
1498333869,39423010,0.49575,45.0121842,buy
1498333869,39423009,0.49575,35.76645558,buy
1498333869,39423002,0.49575,214.27005918,buy
1498333869,39423001,0.49575,27.9482686,buy
1498333869,39422997,0.49575,327.46425664,buy
1498333865,39422983,0.4958,0.00002192,buy
1498333865,39422982,0.4955,189.28283764,buy
1498333865,39422974,0.49579,189.28283894,buy
1498333864,39422969,0.49579,189.28285956,buy
1498333864,39422963,0.4958,189.0935767,buy
1498333864,39422962,0.4958,189.28281373,buy
1498333864,39422958,0.4958,189.0935767,buy
1498333864,39422957,0.4958,189.28285956,buy
1498333863,39422955,0.4958,189.28283881,buy
1498333863,39422954,0.4958,189.25659307,buy
1498333863,39422951,0.4958,78.41862922,buy
1498333863,39422950,0.4958,189.28281373,buy
1498333863,39422946,0.49579,52.47627376,buy
1498333862,39422943,0.49579,189.28285956,buy
1498333862,39422942,0.49579,189.28283764,buy
1498333861,39422923,0.4958,189.28281373,buy
1498333861,39422922,0.4958,0.18923703,buy
1498333861,39422921,0.4956,189.0935767,buy
1498333860,39422914,0.4958,0.24,buy
1498333859,39422912,0.4958,189.28281373,buy
1498333859,39422911,0.4958,189.28281373,buy
1498333859,39422910,0.4958,189.28281373,buy
1498333859,39422909,0.4958,189.28281373,buy
1498333859,39422899,0.4901,948.84230501,sell
1498333859,39422898,0.49011,500.0,sell
1498333859,39422897,0.49155,500.0,sell
1498333859,39422896,0.492,10.0,sell
1498333859,39422895,0.492,5474.67651415,sell
1498333859,39422894,0.4923,200.0,sell
1498333859,39422893,0.49245,961.04336043,sell
1498333859,39422892,0.49298,500.0,sell
1498333859,39422891,0.4934,53.66113745,sell
1498333859,39422890,0.4936,2817.22240166,sell
1498333859,39422889,0.49417,768.83468834,sell
1498333859,39422888,0.49442,500.0,sell
1498333859,39422887,0.495,6000.0,sell
1498333859,39422886,0.49544,576.62601626,sell
1498333859,39422885,0.49545,189.0935767,sell
1498333858,39422882,0.4958,189.28281373,buy
1498333858,39422877,0.4958,189.28281373,buy
1498333857,39422874,0.4958,189.28281373,buy
1498333857,39422872,0.4958,189.28281373,buy
1498333857,39422869,0.4958,189.28281373,buy
1498333856,39422864,0.4958,189.28281373,buy
1498333855,39422858,0.4958,189.28281373,buy
1498333855,39422856,0.4958,189.28281373,buy
1498333855,39422854,0.4958,189.28281373,buy
1498333854,39422853,0.4958,189.28281373,buy
1498333854,39422848,0.4958,189.28282716,buy
1498333854,39422846,0.4958,189.28281373,buy
1498333853,39422838,0.4958,54.31148062,buy
1498333853,39422831,0.4958,161.56306315,buy
1498333852,39422829,0.4958,189.28281373,buy
1498333852,39422824,0.4958,77.40306927,buy
1498333852,39422819,0.4958,164.04391591,buy
1498333852,39422816,0.4958,169.58726613,buy
1498333852,39422810,0.4958,64.40694227,buy
1498333852,39422809,0.4958,493.78681625,buy
1498333847,39422798,0.4957,1701.61501626,sell
1498333847,39422797,0.49637,189.0935767,sell
1498333844,39422793,0.4963,8427.3064233,sell
1498333844,39422792,0.49631,189.0935767,sell
1498333839,39422782,0.49591,132.5,sell
1498333837,39422773,0.4958,265.71959296,sell
1498333837,39422772,0.49586,500.0,sell
1498333832,39422737,0.504,5521.53832318,buy
1498333832,39422736,0.50249,143.43274871,buy
1498333832,39422735,0.5024,5000.0,buy
1498333832,39422734,0.50231,213.86827338,buy
1498333832,39422733,0.5017,7212.4,buy
1498333832,39422732,0.496,5.17414499,buy
1498333832,39422719,0.496,189.0935767,buy
1498333832,39422717,0.496,189.0935767,buy
1498333831,39422710,0.496,8.02620623,sell
1498333831,39422709,0.49604,213.77585996,sell
1498333831,39422708,0.49605,189.0935767,sell
1498333828,39422700,0.496,597.13715835,sell
1498333828,39422699,0.49601,213.76926495,sell
1498333828,39422698,0.49602,189.0935767,sell
1498333823,39422663,0.496,3142.83663542,sell
1498333823,39422662,0.49604,213.73410497,sell
1498333823,39422661,0.49605,213.73410497,sell
1498333823,39422660,0.49605,6109.802,sell
1498333823,39422659,0.49605,189.0935767,sell
1498333813,39422599,0.496,52.0,sell
1498333813,39422598,0.5,2059.0,sell
1498333813,39422597,0.5,22075.0,sell
1498333813,39422596,0.5,2622.00007978,sell
1498333813,39422595,0.50001,22768.5,sell
1498333813,39422594,0.50004,0.58178897,sell
1498333813,39422593,0.50005,189.0935767,sell
1498333813,39422592,0.5017,0.70767538,sell
1498333813,39422591,0.5017,2.29427893,sell
1498333813,39422590,0.5017,0.51386,sell
1498333813,39422589,0.5017,1.13316416,sell
1498333813,39422588,0.5017,7.350092,sell
1498333813,39422587,0.5017,17.679703,sell
1498333809,39422576,0.502,1.185338,sell
1498333809,39422575,0.502,1458.81118931,sell
1498333807,39422574,0.5021,0.373811,sell
1498333800,39422555,0.50412,2599.12022966,sell
1498333800,39422554,0.50412,6138.235571,sell
1498333800,39422553,0.50412,145.16858406,sell
1498333800,39422551,0.50412,5158.34456329,sell
1498333799,39422547,0.50412,49.80780193,sell
1498333799,39422543,0.50412,351.29908499,sell
1498333798,39422534,0.50412,307.40947988,sell
1498333798,39422528,0.50412,111.90418977,sell
1498333798,39422525,0.50412,49.79390244,sell
1498333798,39422518,0.50412,186.34609743,sell
1498333798,39422516,0.50412,5158.3445633,sell
1498333797,39422509,0.50412,49.84374619,sell
1498333797,39422501,0.50412,280.49572895,sell
1498333797,39422500,0.50412,5158.34456329,sell
1498333796,39422499,0.50412,307.37948604,sell
1498333796,39422495,0.50412,49.79390244,sell
1498333796,39422491,0.50412,246.03732734,sell
1498333796,39422490,0.50412,45.70687797,sell
1498333796,39422488,0.50412,5.96176669,sell
1498333795,39422480,0.50412,9131.36848651,sell
1498333795,39422478,0.50412,350.41939777,sell
1498333795,39422469,0.50412,7777.0,sell
1498333795,39422467,0.50412,6586.919186,sell
1498333795,39422463,0.50412,186.15222297,sell
1498333794,39422452,0.50412,4242.18409726,sell
1498333794,39422448,0.50412,186.03357586,sell
1498333794,39422443,0.50412,189.0935767,sell
1498333794,39422442,0.50412,186.13935606,sell
1498333794,39422434,0.50412,213.39625682,sell
1498333794,39422433,0.50412,4547.40526202,sell
1498333793,39422432,0.50412,121.52558348,sell
1498333793,39422426,0.50412,4238.1536653,sell
1498333793,39422423,0.50412,49.83162961,sell
1498333793,39422418,0.50412,0.373811,sell
1498333793,39422414,0.50412,3933.01980836,sell
1498333793,39422411,0.50412,87.74990242,sell
1498333792,39422410,0.50412,186.56483049,sell
1498333792,39422409,0.50412,189.0935767,sell
1498333791,39422401,0.50412,7584.40675173,sell
1498333791,39422400,0.50412,189.0935767,sell
1498333791,39422394,0.50412,7777.0,sell
1498333791,39422393,0.50412,21.92470691,sell
1498333791,39422391,0.50412,263.754864,sell
1498333791,39422388,0.50412,5.13286755,sell
1498333791,39422386,0.50412,2346.349355,sell
1498333791,39422383,0.50412,350.40031372,sell
1498333791,39422379,0.50412,189.0935767,sell
1498333791,39422378,0.50342,7007.077,buy
1498333791,39422377,0.5034,274.911719,buy
1498333791,39422376,0.50339,189.0935767,buy
1498333791,39422375,0.5033,5000.0,buy
1498333784,39422359,0.5021,1.0,sell
1498333706,39422051,0.50463,100.0,buy
1498333462,39420887,0.507,139.42760857,buy
1498333462,39420886,0.50699,189.0935767,buy
1498333419,39420811,0.5027,1909.8,sell
1498333419,39420810,0.5028,8090.2,sell
1498333035,39420282,0.502,8541.18881069,sell
1498333035,39420281,0.502,1458.81118931,sell
1498332902,39420079,0.50651,81.92052689,buy
1498332794,39419930,0.502,2414.0,sell
1498332502,39419597,0.5042,1.0,buy
1498332493,39419581,0.502,403.22581069,sell
1498332493,39419580,0.50209,334.16981699,sell
1498332493,39419579,0.5022,0.244759,sell
1498332493,39419578,0.5022,1253.0,sell
1498332493,39419577,0.503,10.0,sell
1498332475,39419541,0.5042,1.0,buy
1498332455,39419509,0.5042,4.0,buy
1498332253,39419254,0.503,0.574074,sell
1498332227,39419218,0.503,0.425926,sell
1498332227,39419217,0.503,0.574074,sell
1498332211,39419195,0.50631,1.0,buy
1498332099,39419033,0.5031,0.7,sell
1498331986,39418871,0.50695,182.94419658,buy
1498331986,39418870,0.50694,1.05580342,buy
1498331722,39418458,0.50475,0.8,buy
1498331700,39418436,0.50502,14.49285743,buy
1498331700,39418435,0.50502,2.50714257,buy
1498331682,39418401,0.5052,1.0,buy
1498331675,39418394,0.50538,0.1,buy
1498331672,39418383,0.5054,0.1,buy
1498331669,39418377,0.50546,0.1,buy
1498331668,39418374,0.50548,0.1,buy
1498331666,39418371,0.5055,0.1,buy
1498331664,39418370,0.50552,0.1,buy
1498331662,39418369,0.50554,0.1,buy
1498331661,39418366,0.50556,0.1,buy
1498331653,39418358,0.50565,1.0,buy
1498331651,39418350,0.50568,1.0,buy
1498331649,39418346,0.50571,1.0,buy
1498331648,39418344,0.50571,1.0,buy
1498331647,39418343,0.50573,1.0,buy
1498331647,39418342,0.50573,1.0,buy
1498331646,39418338,0.50575,1.0,buy
1498331644,39418336,0.50577,1.0,buy
1498331639,39418326,0.50584,45.73809549,buy
1498331639,39418325,0.50583,4.26190451,buy
1498331513,39418062,0.5048,1.0,buy
1498331508,39418060,0.50486,0.18680906,buy
1498331508,39418059,0.50485,0.81319094,buy
1498331504,39418051,0.50492,196.0,buy
1498331501,39418049,0.50496,5.0,buy
1498331499,39418046,0.50499,5.0,buy
1498331485,39418000,0.50516,600.0,buy
1498331480,39417985,0.50523,80.52147102,buy
1498331480,39417984,0.50522,1.47852898,buy
1498331447,39417933,0.50563,10.0,buy
1498331433,39417910,0.50579,8.42290243,buy
1498331433,39417909,0.50578,1.57709757,buy
1498331431,39417905,0.5058,10.0,buy
1498331430,39417899,0.50582,10.0,buy
1498331425,39417894,0.50588,6.69560508,buy
1498331425,39417893,0.50588,3.30439492,buy
1498331415,39417861,0.506,5.0,buy
1498331415,39417860,0.506,5.0,buy
1498331414,39417857,0.50601,5.0,buy
1498331412,39417852,0.50603,5.0,buy
1498331410,39417849,0.50606,5.0,buy
1498331404,39417840,0.50612,5.0,buy
1498331403,39417836,0.50613,5.0,buy
1498331399,39417831,0.50619,5.0,buy
1498331396,39417822,0.50623,4.9,buy
1498331396,39417821,0.50622,0.1,buy
1498331389,39417780,0.50629,5.0,buy
1498331317,39417684,0.50672,15.9,buy
1498331317,39417683,0.50671,0.1,buy
1498331302,39417667,0.50679,98.76170027,buy
1498331302,39417666,0.50678,1.23829973,buy
1498331294,39417648,0.5068,998.70273361,buy
1498331294,39417647,0.5068,1.29726639,buy
1498331287,39417635,0.50685,98.70273361,buy
1498331287,39417634,0.50685,1.29726639,buy
1498331265,39417619,0.507,35.28044,buy
1498331013,39417280,0.502,199.6,sell
1498331013,39417279,0.50694,150.0,sell
1498330936,39417146,0.507,734.1856322,buy
1498330936,39417145,0.507,367.8143678,buy
1498330935,39417144,0.507,7.7,buy
1498330870,39417028,0.5057,45.13,sell
1498330825,39416912,0.5019,1941.7746056,sell
1498330825,39416911,0.50553,8.511131,sell
1498330825,39416910,0.50553,435.84606608,sell
1498330825,39416909,0.5056,113.86819732,sell
1498330817,39416904,0.507,349.75707116,buy
1498330770,39416832,0.507,516.72856104,buy
1498330770,39416831,0.507,331.27143896,buy
1498330545,39416594,0.5069,4343.59542337,buy
1498330545,39416593,0.506,93.11,buy
1498330489,39416537,0.5056,1000.0,sell
1498330388,39416410,0.506,6.89,buy
1498330375,39416387,0.50554,419.95147037,buy
1498330339,39416322,0.50554,142.46083168,buy
1498330307,39416245,0.50554,800.0,buy
1498330196,39416035,0.50554,1500.0,buy
1498330186,39416014,0.50554,51.0,buy
1498330107,39415934,0.50553,3.77386587,buy
1498329998,39415792,0.50694,7.54773174,buy
1498329924,39415658,0.50675,16.0,buy
1498329919,39415649,0.5,281.516389,sell
1498329919,39415648,0.5001,10.853611,sell
1498329919,39415647,0.501,99.0,sell
1498329919,39415646,0.502,1775.63,sell
1498329919,39415645,0.502,333.0,sell
1498329884,39415608,0.505,33.0,sell
1498329849,39415571,0.507,350.0,sell
1498329822,39415542,0.5097,250.0,buy
1498329700,39415372,0.50659,250.0,buy
1498329562,39415132,0.5073,14.68,buy
1498329406,39414715,0.5085,599.44760594,buy
1498329392,39414626,0.50875,510.0,buy
1498329390,39414608,0.5088,52.0,buy
1498329268,39414015,0.5087,35.0,buy
1498329244,39413948,0.51,1600.0,buy
1498329225,39413899,0.5,5.0,buy
1498329225,39413898,0.5,2361.0,buy
1498329189,39413822,0.5,22.0,sell
1498329127,39413655,0.5089,926.65029253,buy
1498329127,39413654,0.5014,5.0,buy
1498329127,39413653,0.50139,10.11447817,buy
1498329127,39413652,0.501,5.0,buy
1498329127,39413651,0.5,53.2352293,buy
1498329126,39413643,0.5,1.597,buy
1498329071,39413423,0.4975,139.48469733,buy
1498329061,39413401,0.4961,483.16264375,sell
1498329060,39413394,0.4975,1052.83678756,buy
1498329060,39413393,0.49749,44.0722561,buy
1498329060,39413392,0.49748,20.22895634,buy
1498329026,39413338,0.49866,87.553199,buy
1498329009,39413306,0.49867,188.88964164,buy
1498329009,39413305,0.49866,489.52635836,buy
1498328959,39413174,0.49718,1700.0,sell
1498328959,39413173,0.49869,117.32132084,buy
1498328959,39413172,0.49868,672.57867916,buy
1498328954,39413159,0.49868,15.0,buy
1498328953,39413155,0.49718,1911.17093762,sell
1498328953,39413154,0.49718,1083.82906238,sell
1498328953,39413153,0.4973,500.0,sell
1498328953,39413152,0.4975,5.0,sell
1498328950,39413139,0.49869,45.0,buy
1498328928,39413084,0.4987,53.0,buy
1498328915,39413041,0.4975,5.0,buy
1498328908,39413008,0.49718,3291.95667635,buy
1498328907,39413003,0.49718,2533.70568661,buy
1498328907,39413002,0.49718,170.329695,buy
1498328907,39412997,0.49718,4365.457,sell
1498328907,39412996,0.49718,219.11788617,sell
1498328902,39412981,0.49871,10.75910585,buy
1498328883,39412940,0.49873,195.94986449,sell
1498328863,39412866,0.49873,200.0,sell
1498328848,39412833,0.499,5.0,sell
1498328848,39412832,0.499,1200.0,sell
1498328848,39412831,0.499,28.0,sell
1498328825,39412769,0.49903,52.19579418,sell
1498328796,39412568,0.4992,4000.0,sell
1498328771,39412421,0.4992,1000.0,sell
1498328761,39412328,0.49922,5018.6382278,sell
1498328743,39412246,0.49922,51.396989,sell
1498328722,39412206,0.5,305.55,sell
1498328722,39412205,0.50001,4.368157,sell
1498328722,39412204,0.50001,0.2496137,sell
1498328645,39411881,0.50249,217.46135966,sell
1498328645,39411879,0.50249,349.49968166,sell
1498328645,39411878,0.50249,349.24568345,sell
1498328623,39411756,0.49922,49.96602564,sell
1498328623,39411755,0.502,0.03397436,sell
1498328609,39411675,0.502,3.96602564,sell
1498328609,39411674,0.50201,30.11200456,sell
1498328609,39411673,0.50201,24.04163371,sell
1498328609,39411672,0.50201,16.62998534,sell
1498328590,39411572,0.5032,1.597,sell
1498328494,39411341,0.50322,49.99450004,buy
1498328494,39411340,0.50321,3.00549996,buy
1498328381,39411182,0.50322,4403.98900008,buy
1498328381,39411181,0.50321,6.01099992,buy
1498328288,39411088,0.50322,47.150248,buy
1498328288,39411087,0.50321,2.849752,buy
1498328270,39411061,0.50322,94.300496,buy
1498328270,39411060,0.50321,5.699504,buy
1498328257,39411035,0.50322,494.300496,buy
1498328257,39411034,0.50321,5.699504,buy
1498328224,39410931,0.50322,861.21650787,sell
1498328132,39410713,0.50322,2000.0,sell
1498328066,39410541,0.5001,38.878329,sell
1498328066,39410540,0.50013,5.04842462,sell
1498328066,39410539,0.50017,0.2496137,sell
1498328066,39410538,0.5003,0.54246288,sell
1498328066,39410537,0.50101,9.2811698,sell
1498328065,39410527,0.501,1678.4238302,buy
1498328065,39410526,0.501,9.88064754,buy
1498328065,39410524,0.501,26.61274485,buy
1498328064,39410511,0.501,29.68728371,buy
1498328064,39410509,0.501,0.16724932,buy
1498328064,39410507,0.501,0.11712788,buy
1498328064,39410506,0.501,0.76401964,buy
1498328064,39410501,0.501,5.85748391,buy
1498328064,39410494,0.501,0.89798057,buy
1498328064,39410492,0.501,10.98415244,buy
1498328064,39410490,0.501,6.88451764,buy
1498328064,39410484,0.501,0.49238014,buy
1498328064,39410482,0.501,0.27482431,buy
1498328064,39410480,0.501,2.1069863,buy
1498328064,39410479,0.501,16.15356177,buy
1498328064,39410478,0.501,2.31379334,buy
1498328064,39410473,0.501,5.35343425,buy
1498328064,39410471,0.501,0.69827403,buy
1498328064,39410468,0.501,3.05805428,buy
1498328064,39410467,0.501,23.44508291,buy
1498328063,39410460,0.501,11.55921062,buy
1498328063,39410459,0.501,0.39887666,buy
1498328063,39410455,0.501,0.80078121,buy
1498328063,39410454,0.501,9.750689,buy
1498328063,39410453,0.501,0.10444972,buy
1498328063,39410449,0.501,1.66838375,buy
1498328063,39410448,0.501,0.21761526,buy
1498328063,39410447,0.501,12.79094203,buy
1498328063,39410435,0.501,3.36455103,buy
1498328063,39410430,0.501,0.43885447,buy
1498328063,39410427,0.501,25.79489131,buy
1498328063,39410425,0.501,3.7749144,buy
1498328063,39410423,0.501,1.5375062,buy
1498328063,39410418,0.501,10.25203178,buy
1498328063,39410417,0.501,18.72139906,buy
1498328063,39410415,0.501,0.28270892,buy
1498328063,39410414,0.501,2.16743516,buy
1498328063,39410413,0.501,16.61700287,buy
1498328062,39410411,0.501,1.33722154,buy
1498328062,39410410,0.501,1.50772312,buy
1498328062,39410409,0.501,5.51925486,buy
1498328062,39410408,0.501,44.18071398,buy
1498328062,39410407,0.501,3.03941402,buy
1498328029,39410233,0.5,354.96530122,buy
1498328012,39410055,0.50848,1000.0,buy
1498328012,39410053,0.4997,40019.03563544,sell
1498328012,39410052,0.49999,1123.0,sell
1498328012,39410051,0.5,620.0,sell
1498328012,39410050,0.5,42.28590785,sell
1498328012,39410049,0.5,85.70877022,sell
1498328012,39410048,0.5,509.27347696,sell
1498328012,39410047,0.5,310.82,sell
1498328012,39410046,0.501,4040.0,sell
1498328012,39410045,0.50231,30.37049914,sell
1498328012,39410044,0.50301,0.32532986,sell
1498328012,39410043,0.50321,500.0,sell
1498328012,39410042,0.50351,1.975491,sell
1498328012,39410041,0.50351,2.49419559,sell
1498328012,39410040,0.50352,374.59680336,sell
1498328012,39410039,0.50371,0.37916254,sell
1498328012,39410038,0.50381,2.9069128,sell
1498328012,39410037,0.50381,22.28633144,sell
1498328012,39410036,0.50521,271.36885932,sell
1498328012,39410035,0.507,580.0,sell
1498328012,39410034,0.507,96.63429181,sell
1498328012,39410033,0.50718,260.53833267,sell
1498328012,39410032,0.50725,610.0,sell
1498328012,39410031,0.508,496.0,sell
1498327992,39409874,0.509,2.5,buy
1498327991,39409869,0.509,588.0,sell
1498327990,39409843,0.50949,748.92250872,sell
1498327983,39409805,0.50949,500.586979,sell
1498327965,39409754,0.50993,1.007232,buy
1498327961,39409731,0.5099,331.603042,sell
1498327961,39409730,0.51,0.10946191,sell
1498327961,39409728,0.51,310.89053809,sell
1498327957,39409718,0.51024,500.0,buy
1498327941,39409689,0.5105,1605.0,sell
1498327941,39409688,0.5106,2000.0,sell
1498327700,39409196,0.51254,30.0,buy
1498327535,39408934,0.512,5.0,buy
1498327535,39408933,0.512,15.0,buy
1498327503,39408890,0.5118,1.11,sell
1498327503,39408889,0.5118,2.27,sell
1498327503,39408888,0.5118,4.64,sell
1498327503,39408887,0.5118,9.5,sell
1498327503,39408886,0.5118,19.2706,sell
1498327501,39408885,0.512,30.0,sell
1498327498,39408869,0.5121,405.991295,sell
1498327498,39408868,0.5121,60.0,sell
1498327479,39408835,0.5122,700.0,sell
1498327471,39408826,0.51224,0.36152045,buy
1498327399,39408739,0.5126,99.11846225,buy
1498327342,39408695,0.51264,304.88442808,buy
1498327342,39408694,0.51263,0.11557192,buy
1498327248,39408593,0.5133,1730.0,buy
1498327198,39408541,0.51326,2.0,buy
1498327185,39408533,0.5134,1.0,buy
1498327178,39408530,0.5134,7.0,buy
1498327176,39408526,0.5134,7.0,buy
1498327174,39408525,0.5134,7.0,buy
1498327171,39408524,0.5134,7.0,buy
1498327164,39408519,0.5135,50.0,buy
1498327153,39408509,0.51363,50.0,buy
1498327143,39408501,0.5137,50.0,buy
1498326981,39408340,0.5144,180.0,buy
1498326899,39408243,0.5144,1891.0,buy
1498326870,39408198,0.51628,2.0,buy
1498326774,39408086,0.5138,141.0,buy
1498326758,39408078,0.5138,323.62206094,buy
1498326706,39408011,0.5143,911.0,buy
1498326626,39407834,0.514,10.0,sell
1498326626,39407833,0.5145,10.0,sell
1498326442,39407617,0.5163,5.0,buy
1498326392,39407516,0.5164,10.0,buy
1498326329,39407416,0.51578,1.15,buy
1498326292,39407380,0.5155,1060.37370485,buy
1498326221,39407282,0.5141,100.0,sell
1498326217,39407273,0.514,1153.0,sell
1498326182,39407256,0.514,100.0,sell
1498326174,39407253,0.51689,2103.82658407,buy
1498326115,39407200,0.514,100.0,sell
1498326082,39407185,0.5166,50.0,buy
1498326075,39407178,0.5166,50.0,buy
1498326070,39407176,0.514,0.01776364,sell
1498326069,39407175,0.514,99.98223636,sell
1498326069,39407174,0.514,535.51776364,sell
1498326068,39407173,0.514,424.59118578,sell
1498326068,39407172,0.514,4.40881422,sell
1498326068,39407171,0.51401,635.5,sell
1498326068,39407170,0.5166,50.0,buy
1498326067,39407169,0.51401,1064.5,sell
1498326064,39407166,0.5166,96.13,buy
1498326050,39407161,0.5166,50.0,buy
1498326046,39407155,0.516,100.0,sell
1498326038,39407151,0.5166,50.0,buy
1498326029,39407146,0.516,102.0,sell
1498326017,39407135,0.5166,125.28434959,buy
1498326014,39407131,0.5166,269.354,buy
1498325996,39407127,0.5166,1.0,buy
1498325977,39407104,0.5166,0.1,buy
1498325974,39407103,0.5166,0.1,buy
1498325942,39407068,0.5166,682.0,buy
1498325827,39406929,0.5165,0.5,buy
1498325820,39406920,0.5165,2.0,buy
1498325799,39406897,0.5166,1000.0,buy
1498325792,39406887,0.5166,0.1,buy
1498325791,39406884,0.5166,0.1,buy
1498325785,39406882,0.5166,0.1,buy
1498325657,39406667,0.5168,27.0,buy
1498325649,39406662,0.5168,0.1,buy
1498325611,39406574,0.5118,0.1994,sell
1498325575,39406505,0.5169,2.12437209,buy
1498325575,39406504,0.51689,0.47562791,buy
1498325562,39406416,0.517,807.67851511,buy
1498325562,39406415,0.512,1694.32148489,buy
1498325554,39406404,0.512,150.34717511,buy
1498325554,39406402,0.512,150.0,buy
1498325523,39406344,0.51189,0.57075349,buy
1498325501,39406315,0.5118,39.0,sell
1498325486,39406302,0.509,0.1,buy
1498325458,39406288,0.51189,0.1,buy
1498325446,39406280,0.51192,1710.66327275,sell
1498325446,39406279,0.51189,515.81923825,buy
1498325443,39406276,0.512,5.33134,sell
1498325427,39406259,0.512,0.66866,buy
1498325399,39406231,0.512,0.1,buy
1498325347,39406167,0.5134,33.1007894,buy
1498325265,39406108,0.5134,0.1,buy
1498325184,39406015,0.5134,123.74780584,buy
1498325167,39405989,0.5073,81.73896069,sell
1498325167,39405988,0.509,43.25903931,sell
1498325111,39405941,0.5134,51.97097,buy
1498325092,39405907,0.5134,280.12519688,buy
1498325063,39405825,0.5134,0.1,buy
1498325062,39405824,0.5134,0.1,buy
1498325061,39405823,0.5134,0.1,buy
1498325057,39405820,0.5131,0.07,buy
1498325056,39405819,0.5131,0.1,buy
1498325054,39405818,0.5131,0.1,buy
1498325045,39405816,0.5131,0.1,buy
1498325025,39405809,0.51001,12.28632,sell
1498324972,39405786,0.51,150.0,buy
1498324885,39405687,0.5131,500.0,buy
1498324874,39405672,0.5131,601.50140744,buy
1498324867,39405663,0.5131,500.0,buy
1498324860,39405657,0.5131,1647.17405907,buy
1498324767,39405587,0.5133,3850.0,buy
1498324722,39405549,0.5133,329.0,buy
1498324718,39405546,0.5133,1000.0,buy
1498324656,39405427,0.5134,5.0,buy
1498324530,39405276,0.5075,3136.56679006,buy
1498324528,39405272,0.5075,7.31484261,buy
1498324523,39405253,0.5174,10918.187324,buy
1498324523,39405252,0.51735,588.23529,buy
1498324523,39405251,0.51725,588.23529,buy
1498324523,39405250,0.516,309.0,buy
1498324523,39405249,0.5155,339.6,buy
1498324523,39405248,0.5155,500.0,buy
1498324523,39405247,0.5147,1000.0,buy
1498324523,39405246,0.51465,777.45384,buy
1498324523,39405245,0.5125,2000.0,buy
1498324523,39405244,0.51,1979.288256,buy
1498324494,39405193,0.5075,425.42711463,buy
1498324455,39405149,0.50718,1089.46166733,sell
1498324455,39405148,0.5072,0.11,sell
1498324455,39405147,0.50747,75.53250415,sell
1498324353,39405089,0.5075,62.1,sell
1498324349,39405085,0.51,20.711744,buy
1498324309,39405062,0.5075,233.0,sell
1498324291,39405056,0.5099,4.0,buy
1498324249,39405040,0.5075,947.9,sell
1498324131,39404945,0.5073,1044.85,sell
1498324131,39404944,0.51,3.0,sell
1498324131,39404943,0.511,22.15,sell
1498324131,39404942,0.511,100.0,sell
1498324121,39404927,0.5147,400.0,buy
1498324085,39404877,0.5147,200.0,buy
1498323957,39404754,0.5149,30.0,buy
1498323927,39404727,0.5149,2.0,buy
1498323767,39404582,0.51559,595.19346622,sell
1498323763,39404581,0.512,14.58187729,sell
1498323759,39404577,0.5155,4930.298908,buy
1498323758,39404576,0.512,15.41812271,sell
1498323758,39404575,0.512,2474.14387729,sell
1498323594,39404425,0.5157,715.70007366,buy
1498323579,39404412,0.515,11.0,sell
1498323542,39404375,0.51659,150.0,buy
1498323526,39404354,0.511,5.93,buy
1498323526,39404353,0.511,1419.92612271,buy
1498323486,39404305,0.511,42.216022,buy
1498323480,39404298,0.511,93.4567217,buy
1498323462,39404273,0.511,99.9,buy
1498323433,39404239,0.51487,263.91149252,sell
1498323432,39404238,0.51487,263.89170613,sell
1498323432,39404237,0.51487,0.03068245,sell
1498323432,39404236,0.51487,41.46931755,sell
1498323430,39404229,0.51689,1021.29169395,buy
1498323430,39404228,0.51688,14.40830605,buy
1498323247,39403991,0.5136,44.86850844,sell
1498323246,39403990,0.5136,2500.0,sell
1498323242,39403984,0.5136,7455.13149156,sell
1498323242,39403983,0.5136,190.53150844,sell
1498323242,39403982,0.514,5.0,sell
1498323242,39403981,0.514,5.0,sell
1498323242,39403980,0.514,5.0,sell
1498323139,39403812,0.51738,199.44358641,buy
1498323139,39403811,0.514,0.55641359,buy
1498323135,39403810,0.514,233.0,buy
1498323128,39403804,0.514,5.0,buy
1498323121,39403801,0.514,5.0,buy
1498323118,39403800,0.514,5.0,buy
1498323113,39403798,0.514,5.0,buy
1498323079,39403768,0.5139,5.0,buy
1498323030,39403742,0.5136,100.0,sell
1498323023,39403719,0.5136,2083.61033056,sell
1498323021,39403716,0.5136,2086.431534,sell
1498323015,39403709,0.5136,1593.64214,sell
1498323015,39403708,0.5136,853.515513,sell
1498323013,39403704,0.5136,146.484487,sell
1498323011,39403701,0.5136,146.484487,sell
1498322999,39403692,0.5136,2500.0,sell
1498322998,39403687,0.5136,2500.0,sell
1498322993,39403680,0.5136,2500.0,sell
1498322992,39403679,0.5136,92.0,buy
1498322992,39403678,0.5135,7707.3,buy
1498322992,39403677,0.5134,5000.0,buy
1498322913,39403538,0.5126,0.02,sell
1498322912,39403537,0.5126,0.7,sell
1498322903,39403515,0.5126,1.47,buy
1498322896,39403510,0.5126,3.01,buy
1498322885,39403505,0.5125,6.17,buy
1498322872,39403491,0.5126,12.67,buy
1498322863,39403477,0.5126,500.0,buy
1498322847,39403451,0.5128,26.0,buy
1498322831,39403422,0.5133,53.43,buy
1498322817,39403386,0.5135,18.23008633,sell
1498322817,39403385,0.5135,91.58991367,sell
1498322786,39403334,0.507,57.3082137,sell
1498322785,39403330,0.507,41.85426529,sell
1498322785,39403324,0.507,19.84761355,sell
1498322785,39403319,0.50703,62.92730373,sell
1498322784,39403306,0.50701,502.47685341,buy
1498322784,39403302,0.50701,114.37550363,buy
1498322784,39403299,0.50701,89.39507104,buy
1498322782,39403287,0.51219,53.02479157,sell
1498322782,39403286,0.51219,225.24315802,sell
1498322782,39403285,0.5122,0.13684198,sell
1498322782,39403284,0.5122,225.24315802,sell
1498322739,39403202,0.5122,247.98185,buy
1498322647,39403062,0.51309,1402.87282945,buy
1498322534,39402560,0.507,10.40362676,sell
1498322472,39402498,0.507,195.787,sell
1498322472,39402497,0.50719,591.213,sell
1498322472,39402496,0.508,6.0,sell
1498322472,39402495,0.50998,5.0,sell
1498322472,39402494,0.51,100.0,sell
1498322472,39402493,0.511,100.0,sell
1498322450,39402468,0.5137,1.0,buy
1498322440,39402452,0.5137,5.0,buy
1498322433,39402401,0.5137,1167.43904958,buy
1498322412,39402354,0.5137,132.799,buy
1498322312,39402293,0.514,75.6486899,buy
1498322139,39402123,0.51359,166.11233839,buy
1498322074,39402049,0.509,0.19,buy
1498322058,39402033,0.509,0.1,sell
1498322045,39402018,0.5137,0.00528964,sell
1498322044,39402017,0.5137,117.8,sell
1498322017,39401980,0.51282,0.1,sell
1498321993,39401962,0.51282,0.1,sell
1498321963,39401897,0.51282,0.1,sell
1498321949,39401880,0.50719,8.787,sell
1498321885,39401796,0.507,20.0,sell
1498321846,39401754,0.5127,5000.0,buy
1498321770,39401657,0.5129,24.0,buy
1498321715,39401576,0.51435,0.04591622,sell
1498321714,39401575,0.51435,129.99348378,sell
1498321699,39401559,0.509,289.44362429,buy
1498321696,39401558,0.509,3.98188,sell
1498321696,39401557,0.51,206.57449571,sell
1498321652,39401465,0.5147,113.82809,buy
1498321623,39401421,0.5138,254.48027,buy
1498321581,39401390,0.51,238.464,buy
1498321574,39401376,0.51,1000.0,buy
1498321515,39401259,0.5113,1880.0,buy
1498321477,39401047,0.5116,3225.385946,buy
1498321431,39400968,0.51285,123.97855,sell
1498321418,39400934,0.51,1083.47752893,buy
1498321418,39400933,0.50995,705.55743,buy
1498321408,39400867,0.5,2031.78894839,buy
1498321408,39400864,0.5,206.57449571,buy
1498321408,39400862,0.5,1625.0,sell
1498321408,39400861,0.5,0.890918,sell
1498321408,39400860,0.5,39.61608335,sell
1498321408,39400859,0.5,5.3167136,sell
1498321408,39400858,0.5,1.02,sell
1498321408,39400857,0.5,0.1,sell
1498321408,39400856,0.5,130.67143358,sell
1498321408,39400855,0.5002,21.92,sell
1498321408,39400854,0.501,48.16049998,sell
1498321408,39400853,0.5049,2.0,sell
1498321408,39400852,0.50491,49.82109516,sell
1498321408,39400851,0.505,395.8103924,sell
1498321408,39400850,0.50505,20.0,sell
1498321408,39400849,0.50506,110.30941983,sell
1498321316,39400650,0.505,64.65851924,sell
1498321316,39400648,0.505,9.58798069,sell
1498321315,39400645,0.505,100.0,sell
1498321315,39400644,0.505,0.5339041,sell
1498321315,39400642,0.505,0.30051244,sell
1498321315,39400641,0.505,2.30392877,sell
1498321315,39400640,0.505,17.66345384,sell
1498321315,39400638,0.505,4.09326481,sell
1498321315,39400635,0.505,31.38169685,sell
1498321315,39400634,0.505,43.66634686,sell
1498321312,39400609,0.50501,187.45885675,sell
1498321312,39400608,0.50501,106.20829585,sell
1498321312,39400607,0.50501,38.30441121,sell
1498321312,39400601,0.50501,10.07194455,sell
1498321311,39400593,0.50501,11.03512221,sell
1498321311,39400587,0.50501,84.60260361,sell
1498321311,39400585,0.50504,77.21824154,sell
1498321310,39400574,0.50504,21.04783654,sell
1498321310,39400570,0.50501,141.36674681,sell
1498321310,39400569,0.50505,20.0,sell
1498321307,39400557,0.5058,12.0,buy
1498321299,39400537,0.50501,10.2361987,sell
1498321299,39400533,0.50501,130.76349347,sell
1498321293,39400513,0.50501,48.63815781,sell
1498321291,39400506,0.50501,100.0,sell
1498321277,39400477,0.50501,56.66918328,sell
1498321277,39400476,0.50501,43.330816,sell
1498321277,39400475,0.50501,116.06166288,sell
1498321277,39400474,0.50505,13.74981516,sell
1498321276,39400471,0.50505,6.25018484,sell
1498321207,39400275,0.5084,600.0,buy
1498321136,39400084,0.5089,93.804881,buy
1498320923,39399797,0.5044,24.10298958,buy
1498320920,39399795,0.5045,2.7,buy
1498320712,39399372,0.501,64.38090301,buy
1498320712,39399370,0.501,228.43348872,buy
1498320711,39399366,0.501,64.38090301,buy
1498320711,39399364,0.501,228.62742546,buy
1498320711,39399363,0.501,228.43348872,buy
1498320711,39399360,0.501,19.21830692,buy
1498320550,39399233,0.5001,2584.68877999,sell
1498320550,39399232,0.5001,20.0,sell
1498320550,39399231,0.5002,20.0,sell
1498320550,39399230,0.50087,4412.12122001,sell
1498320550,39399229,0.5014,6838.1,sell
1498320494,39399138,0.50557,205.0,buy
1498320450,39399025,0.501,125.80129012,sell
1498320449,39399023,0.50087,119.3513658,sell
1498320447,39399011,0.501,88.45317355,buy
1498320447,39399010,0.501,30.89819225,buy
1498320435,39399001,0.50243,100.0,buy
1498320433,39398990,0.5024,2.0,sell
1498320433,39398989,0.5024,2.0,sell
1498320428,39398956,0.50087,41.39257803,sell
1498320393,39398852,0.50087,34.1718748,sell
1498320392,39398849,0.50084,41.39257803,buy
1498320386,39398843,0.50085,34.52961138,buy
1498320383,39398840,0.50265,46.13537354,buy
1498320383,39398839,0.50265,1.30017363,buy
1498320383,39398838,0.50265,34.1718748,buy
1498320383,39398837,0.50086,41.39257803,buy
1498320359,39398820,0.50092,2.0,buy
1498320349,39398811,0.50094,2.0,buy
1498320348,39398810,0.50094,25.41579271,buy
1498320345,39398807,0.50096,2.44992432,sell
1498320344,39398804,0.50096,22.96586839,sell
1498320342,39398788,0.50096,24.53564727,buy
1498320342,39398787,0.50096,34.1718748,buy
1498320342,39398786,0.50096,41.39257803,buy
1498320336,39398767,0.5,40.58749195,sell
1498320333,39398762,0.50098,43.82122014,buy
1498320333,39398761,0.50097,41.39257803,buy
1498320328,39398748,0.50286,85.21379817,sell
1498320327,39398746,0.501,125.80129012,buy
1498320327,39398745,0.50099,16.85842079,buy
1498320327,39398744,0.50099,24.53415724,buy
1498320327,39398742,0.50099,125.80129012,buy
1498320327,39398741,0.50099,22.96586839,buy
1498320326,39398737,0.50286,23.41154527,buy
1498320326,39398736,0.50286,125.80129012,buy
1498320325,39398733,0.5011,125.80129012,buy
1498320325,39398732,0.501,22.96586839,buy
1498320323,39398713,0.501,0.397119,sell
1498320322,39398709,0.50109,0.199122,sell
1498320322,39398699,0.50309,84.40872594,buy
1498320322,39398698,0.50293,125.80129012,buy
1498320322,39398697,0.50293,0.199122,buy
1498320322,39398696,0.50293,34.1718748,buy
1498320322,39398695,0.50289,229.38213899,buy
1498320322,39398694,0.5011,41.39257803,buy
1498320322,39398693,0.50109,125.80129012,buy
1498320321,39398680,0.50287,55.94991525,sell
1498320321,39398679,0.50287,125.80129012,sell
1498320321,39398678,0.50287,125.80129012,sell
1498320321,39398677,0.5011,125.80129012,buy
1498320321,39398676,0.5011,23.36298739,buy
1498320320,39398670,0.50109,125.80129012,sell
1498320320,39398669,0.5011,20.0,sell
1498320320,39398668,0.5011,82.43830273,sell
1498320320,39398666,0.5011,125.78482691,sell
1498320319,39398662,0.5011,125.80129012,sell
1498320318,39398659,0.5011,125.80129012,sell
1498320315,39398652,0.50296,228.35313631,buy
1498320315,39398651,0.50296,228.36363714,buy
1498320314,39398647,0.50297,228.34859721,buy
1498320314,39398646,0.50297,228.34859721,buy
1498320314,39398645,0.5011,125.80129012,sell
1498320314,39398640,0.50297,188.87538902,buy
1498320314,39398639,0.50297,228.35313631,buy
1498320314,39398638,0.50297,228.35313631,buy
1498320314,39398635,0.50297,228.35313631,buy
1498320313,39398633,0.50297,228.35313631,buy
1498320313,39398625,0.503,49.36421539,buy
1498320313,39398624,0.50298,178.98892092,buy
1498320313,39398623,0.50298,228.35313631,buy
1498320313,39398616,0.50298,228.36453088,buy
1498320313,39398615,0.50298,228.36363714,buy
1498320313,39398612,0.50298,228.37807216,buy
1498320313,39398609,0.50298,228.34859721,buy
1498320313,39398608,0.50298,228.34041129,buy
1498320313,39398607,0.50298,228.36410493,buy
1498320313,39398606,0.50298,228.35999197,buy
1498320313,39398605,0.50298,228.34859719,buy
1498320312,39398562,0.5011,1414.373,sell
1498320311,39398560,0.503,0.199122,sell
1498320310,39398546,0.5031,20.36110882,sell
1498320310,39398540,0.5031,1503.28367182,sell
1498320310,39398539,0.5032,117.00416639,sell
1498320310,39398538,0.504,20.0,sell
1498320300,39398512,0.5032,882.99583361,sell
1498320300,39398511,0.504,34.09416639,sell
1498320300,39398510,0.50402,20.0,sell
1498320268,39398454,0.50431,84.6983228,sell
1498320262,39398424,0.5091,1.0,sell
1498320205,39398218,0.50934,197.04574469,buy
1498320196,39398206,0.50945,0.1,buy
1498320087,39398028,0.5083,6.0,buy
1498320064,39397995,0.5086,166.1183135,buy
1498320064,39397994,0.5086,220.0,buy
1498319928,39397606,0.5091,0.89281759,buy
1498319775,39397428,0.508,0.1,sell
1498319754,39397378,0.51,26.52247107,buy
1498319754,39397377,0.50995,667.67179,buy
1498319754,39397376,0.509,955.88158274,buy
1498319754,39397375,0.50895,118.95554827,buy
1498319754,39397374,0.5089,118.95555,buy
1498319754,39397373,0.50863,173.98151768,buy
1498319754,39397372,0.50862,10.93154024,buy
1498319754,39397371,0.5085,7927.1,buy
1498319741,39397362,0.5086,1850.0,buy
1498319679,39397290,0.5086,28.69129187,buy
1498319631,39397199,0.5086,219.4603882,buy
1498319568,39397146,0.5086,30.0,buy
1498319517,39397065,0.50875,709.9,sell
1498319497,39397044,0.50875,504.0,buy
1498319430,39396980,0.5031,208.75283714,sell
1498319428,39396971,0.5031,7496.53056034,sell
1498319419,39396953,0.5031,464.43927729,sell
1498319419,39396952,0.5032,365.0,sell
1498319417,39396947,0.50578,117.3791467,buy
1498319417,39396946,0.50578,2.25336716,buy
1498319365,39396873,0.503,274.90583361,sell
1498319365,39396872,0.5031,396.33516639,sell
1498319364,39396870,0.5031,38.22483361,sell
1498319202,39396483,0.509,0.1,sell
1498319100,39396312,0.51395,0.1,buy
1498319098,39396310,0.514,240.73903726,buy
1498319098,39396309,0.514,301.39111,buy
1498319096,39396303,0.514,201.98827,buy
1498318949,39396054,0.5148,61.62737454,buy
1498318932,39396029,0.4921,4127.29367426,sell
1498318932,39396028,0.495,153.90813968,sell
1498318932,39396027,0.49658,423.07596371,sell
1498318932,39396026,0.49659,273.61668694,sell
1498318932,39396025,0.49663,423.07596,sell
1498318932,39396024,0.49664,273.61669,sell
1498318932,39396023,0.5,180.0,sell
1498318932,39396022,0.50251,21.45292576,sell
1498318932,39396021,0.505,8182.3,sell
1498318932,39396020,0.506,592.88537549,sell
1498318932,39396019,0.5061,1272.0,sell
1498318932,39396018,0.507,1700.0,sell
1498318932,39396017,0.51087,2865.77458416,sell
1498318932,39396016,0.51088,1500.0,sell
1498318932,39396015,0.5129,1.0,sell
1498318932,39396014,0.5129,10.0,sell
1498318883,39395954,0.51439,0.1,buy
1498318876,39395948,0.51459,0.5,buy
1498318871,39395944,0.5147,234.0,buy
1498318819,39395871,0.5129,1.0,buy
1498318715,39395755,0.51465,2000.0,sell
1498318693,39395721,0.51659,0.4,buy
1498318623,39395619,0.513,584.0,sell
1498318546,39395383,0.5162,0.1,buy
1498318537,39395368,0.5167,573.4175,buy
1498318525,39395340,0.5172,451.44063,buy
1498318507,39395268,0.51195,300.60085145,buy
1498318507,39395267,0.51195,207.83483855,buy
1498318507,39395261,0.512,508.43569232,buy
1498318506,39395259,0.512,223.2036276,buy
1498318506,39395258,0.512,31.78182635,buy
1498318506,39395257,0.51297,32.04734346,sell
1498318506,39395256,0.51297,204.53151026,sell
1498318504,39395223,0.513,31.78182635,buy
1498318503,39395220,0.513,111.94444982,buy
1498318503,39395216,0.513,111.52469489,buy
1498318503,39395215,0.51295,31.78182635,buy
1498318503,39395211,0.51295,223.46914365,buy
1498318495,39395186,0.513,48.74902894,buy
1498318495,39395185,0.51295,174.715363,buy
1498318494,39395183,0.51295,20.02002002,buy
1498318490,39395145,0.51295,19.91991992,buy
1498318478,39395090,0.51295,89.24469706,buy
1498318477,39395071,0.51295,0.1,buy
1498318474,39395068,0.51175,0.1,buy
1498318474,39395067,0.51175,8.9,buy
1498318472,39395060,0.51175,0.1,buy
1498318455,39394945,0.51101,121.6501113,sell
1498318455,39394943,0.5117,121.6501113,buy
1498318455,39394942,0.5117,50.05005005,buy
1498318435,39394851,0.5105,999.9,buy
1498318394,39394746,0.5104,32.0,buy
1498318330,39394611,0.5112,1053.65718907,buy
1498318319,39394589,0.5103,99.00241426,buy
1498318319,39394588,0.51025,220.65253,buy
1498318319,39394587,0.51024,0.14505574,buy
1498318319,39394586,0.51,0.1,buy
1498318319,39394585,0.51,140.0,buy
1498318319,39394584,0.50995,140.1,buy
1498318260,39394456,0.503,21.45292576,buy
1498318248,39394398,0.503,204.14233304,buy
1498318242,39394373,0.503,56.7643654,buy
1498318229,39394341,0.503,699.77298453,buy
1498318229,39394340,0.50277,0.22701547,buy
1498318217,39394319,0.503,228.73820859,buy
1498318217,39394318,0.50278,20.98,buy
1498318217,39394317,0.50277,0.18179141,buy
1498318154,39394234,0.503,1486.42918268,buy
1498318154,39394233,0.50278,0.32701732,buy
1498318092,39394149,0.49701,140.0,sell
1498318050,39394104,0.49659,659.45027062,buy
1498318042,39394086,0.49659,53.44841076,buy
1498318042,39394084,0.49659,1345.78866716,buy
1498318040,39394073,0.49659,211.27797342,buy
1498318037,39394064,0.49659,211.27797341,buy
1498318036,39394062,0.49659,211.27797341,buy
1498318028,39394026,0.49659,28.73291782,buy
1498318022,39393987,0.49659,83.40055273,buy
1498318020,39393980,0.49659,83.40055273,buy
1498317984,39393933,0.49926,50.0,buy
1498317963,39393864,0.49658,38.28652359,sell
1498317917,39393819,0.49658,0.48020644,buy
1498317835,39393722,0.49641,224.09851924,buy
1498317835,39393721,0.4964,0.90148076,buy
1498317822,39393696,0.493,3588.32488935,sell
1498317822,39393695,0.493,167.96234434,sell
1498317759,39393573,0.499,231.56914681,buy
1498317759,39393572,0.49899,228.43085319,buy
1498317686,39393435,0.4954,35.58,sell
1498317657,39393368,0.493,232.043178,sell
1498317657,39393366,0.493,175.62888787,sell
1498317656,39393363,0.494,35.67983433,sell
1498317655,39393361,0.494,225.23745491,sell
1498317654,39393358,0.495,20.0,sell
1498317652,39393349,0.4951,597.2632588,sell
1498317652,39393348,0.4954,5638.01334749,sell
1498317652,39393347,0.4954,231.91741889,sell
1498317651,39393346,0.49541,0.12575836,sell
1498317638,39393305,0.50153,26.9388007,buy
1498317638,39393304,0.50152,1.47919883,buy
1498317619,39393265,0.4954,231.54026246,sell
1498317619,39393259,0.4954,54.13523644,sell
1498317618,39393258,0.4955,7021.889,sell
1498317615,39393247,0.4954,231.3087222,sell
1498317615,39393246,0.4954,231.3087222,sell
1498317615,39393245,0.4954,231.3087222,sell
1498317615,39393244,0.4955,231.3087222,sell
1498317615,39393243,0.4955,231.30871384,sell
1498317614,39393240,0.4955,38.64886178,sell
1498317613,39393215,0.502,10696.09942124,buy
1498317613,39393214,0.50195,59.780233,buy
1498317613,39393213,0.50165,2.66516059,buy
1498317613,39393212,0.50151,737.50898317,buy
1498317613,39393211,0.50147,288.92006,buy
1498317608,39393168,0.49551,231.2825556,buy
1498317608,39393167,0.49551,231.3087222,buy
1498317608,39393166,0.49551,231.3087222,buy
1498317608,39393162,0.4955,597.263259,sell
1498317607,39393149,0.4954,10184.66756812,sell
1498317607,39393148,0.49551,2888.05529206,sell
1498317607,39393147,0.4999,13908.050754,sell
1498317607,39393146,0.4999,848.893954,sell
1498317606,39393143,0.4999,1676.088634,sell
1498317606,39393142,0.4999,1211.966658,sell
1498317606,39393137,0.4999,7777.0,sell
1498317606,39393136,0.5,100.0,sell
1498317606,39393135,0.5,672.99381824,sell
1498317606,39393134,0.5,425.846924,sell
1498317606,39393133,0.5,694.071642,sell
1498317606,39393127,0.5,3397.32761576,sell
1498317606,39393126,0.5,1240.0,sell
1498317606,39393125,0.5,200.0,sell
1498317606,39393124,0.5,7.16945802,sell
1498317606,39393123,0.5016,3.05712,sell
1498317606,39393122,0.5016,8.734051,sell
1498317606,39393121,0.5016,100.0,sell
1498317606,39393120,0.5017,699.42080122,sell
1498317606,39393119,0.5017,37.8119535,sell
1498317606,39393115,0.5017,0.27622845,sell
1498317591,39393075,0.502,252.91248406,buy
1498317578,39393070,0.5017,65.18074583,sell
1498317576,39393069,0.5017,4000.0,sell
1498317573,39393058,0.5017,6104.566954,sell
1498317572,39393046,0.5017,1306.914046,sell
1498317516,39392960,0.5017,1026.889271,sell
1498317516,39392959,0.50175,9.0,sell
1498317513,39392955,0.502,8868.4,buy
1498317513,39392954,0.502,1426.30086101,sell
1498317503,39392912,0.502,6629.15811275,buy
1498317503,39392909,0.5025,3095.74755386,sell
1498317503,39392908,0.50373,360.50820365,sell
1498317503,39392907,0.50373,7053.739,sell
1498317503,39392906,0.50374,7652.568,sell
1498317503,39392905,0.50374,208.27912974,sell
1498317300,39392715,0.5025,16.25244614,sell
1498317300,39392714,0.504,100.0,sell
1498317300,39392713,0.50401,208.16755386,sell
1498317199,39392605,0.505,100.0,sell
1498317140,39392544,0.505,27.1876409,buy
1498317105,39392504,0.505,1.537909,buy
1498317103,39392503,0.505,5.25680845,sell
1498317103,39392502,0.505,2.2919641,sell
1498317088,39392491,0.50965,350.0,buy
1498317036,39392440,0.50899,107.70115959,sell
1498317020,39392425,0.50899,185.27606976,sell
1498317000,39392373,0.50899,50.46117138,sell
1498317000,39392370,0.50899,37.29212308,sell
1498316997,39392363,0.5099,30.4,buy
1498316954,39392301,0.50899,15.97063578,sell
1498316940,39392297,0.50899,30.56369422,buy
1498316936,39392283,0.50899,90.22,buy
1498316933,39392277,0.50899,201.00100101,buy
1498316933,39392276,0.50899,321.78469523,buy
1498316931,39392272,0.50899,156.43060954,buy
1498316893,39392236,0.50899,200.0,buy
1498316847,39392167,0.50499,37.3148593,sell
1498316847,39392165,0.50499,37.3034705,sell
1498316846,39392162,0.50481,37.3091758,sell
1498316846,39392159,0.50481,247.4039694,sell
1498316846,39392158,0.50481,8.0,sell
1498316846,39392157,0.50481,70.63604798,sell
1498316846,39392156,0.505,0.93965562,sell
1498316846,39392155,0.50599,0.1,sell
1498316846,39392154,0.50668,1.0,sell
1498316842,39392133,0.506,172.538353,buy
1498316841,39392131,0.506,38.80106765,buy
1498316841,39392130,0.506,159.74662935,buy
1498316834,39392122,0.506,3.0,buy
1498316824,39392093,0.506,5.0,buy
1498316821,39392075,0.506,37.02977579,buy
1498316818,39392059,0.506,37.03494464,buy
1498316817,39392056,0.506,0.1,buy
1498316814,39392050,0.506,5.0,buy
1498316796,39392033,0.50501,5.1919,sell
1498316721,39391862,0.50481,5780.37426128,sell
1498316721,39391861,0.50482,1949.96373872,sell
1498316721,39391860,0.50482,29.43379739,sell
1498316721,39391859,0.505,7.73578497,sell
1498316692,39391802,0.50482,44.95,sell
1498316692,39391801,0.50503,55.05,sell
1498316443,39391331,0.50481,4945.023801,sell
1498316443,39391330,0.50482,100.0,sell
1498316443,39391329,0.505,4.788199,sell
1498316443,39391328,0.505,2385.0,sell
1498316405,39391172,0.51223,654.66342,sell
1498316314,39391034,0.50482,78.98030305,sell
1498316298,39390997,0.50985,1.0,buy
1498316135,39390262,0.50481,706.3858714,sell
1498316135,39390261,0.5058,4083.59650257,sell
1498316135,39390260,0.50581,207.42675868,sell
1498316107,39390105,0.50581,1.04,sell
1498316104,39390083,0.51129,50.10099198,buy
1498316043,39389804,0.50563,194.8001,buy
1498316043,39389803,0.5054,217.86074,buy
1498316043,39389802,0.5054,197.36985755,buy
1498316030,39389786,0.5054,0.26601245,buy
1498316029,39389781,0.50481,1775.528015,sell
1498316019,39389768,0.50481,1797.05200334,sell
1498316016,39389757,0.50549,246.5,buy
1498316015,39389756,0.50481,900.0,sell
1498316000,39389732,0.50574,102.28368419,buy
1498316000,39389731,0.50574,143.20631982,buy
1498315986,39389713,0.50483,588.874034,sell
1498315986,39389712,0.50483,19.41962486,sell
1498315986,39389711,0.50483,223.79451776,sell
1498315983,39389705,0.50483,64.58398422,sell
1498315983,39389695,0.506,0.27347073,sell
1498315983,39389694,0.506,588.36631176,sell
1498315958,39389638,0.50601,67.13356957,buy
1498315958,39389626,0.50601,67.00487682,sell
1498315902,39389495,0.506,195.0,sell
1498315902,39389494,0.507,305.0,sell
1498315843,39389364,0.5081,57.63587,sell
1498315843,39389362,0.5081,57.63587,sell
1498315835,39389348,0.51339,128.17907566,buy
1498315835,39389347,0.51339,11.82092434,buy
1498315826,39389337,0.5141,100.12,buy
1498315815,39389300,0.5148,1.00290644,buy
1498315800,39389288,0.51574,197.63587,sell
1498315780,39389248,0.51705,194.8001,sell
1498315778,39389244,0.51719,52.34874442,buy
1498315778,39389243,0.51719,4.39125558,buy
1498315736,39389182,0.50723,205.30900707,sell
1498315723,39389151,0.5144,1.45231434,buy
1498315626,39389072,0.51255,405.27579,sell
1498315622,39389063,0.51265,200.92792,sell
1498315608,39389029,0.51355,376.03773,sell
1498315601,39389016,0.506,54.955966,sell
1498315584,39389001,0.51475,106.15484,sell
1498315581,39388989,0.5149,0.40450415,sell
1498315581,39388988,0.5149,217.45623585,sell
1498315579,39388980,0.5187,4359.21649531,buy
1498315579,39388979,0.51839,1000.0,buy
1498315579,39388978,0.515,1000.0,buy
1498315579,39388977,0.51495,782.77886,buy
1498315579,39388976,0.5144,5000.0,buy
1498315579,39388975,0.511,302.0,buy
1498315579,39388974,0.51099,60.81512988,buy
1498315553,39388917,0.511,1.0,buy
1498315512,39388830,0.5128,278.27106795,sell
1498315512,39388829,0.5128,58.6856199,sell
1498315512,39388825,0.5128,54.60152992,sell
1498315512,39388824,0.5128,0.55273152,sell
1498315512,39388821,0.5128,999.44726848,sell
1498315503,39388810,0.51293,1.77762045,buy
1498315461,39388724,0.50481,25.0,sell
1498315454,39388717,0.5104,757.84414369,buy
1498315454,39388716,0.51039,73.11082189,buy
1498315447,39388705,0.51045,146.01435,sell
1498315438,39388695,0.5107,10.89401641,buy
1498315436,39388691,0.51065,29.3249031,sell
1498315429,39388679,0.51065,35.10411811,sell
1498315429,39388678,0.51065,73.03771107,sell
1498315419,39388660,0.51119,111.18977572,buy
1498315419,39388659,0.50481,2000.0,sell
1498315413,39388648,0.5116,3517.06800434,buy
1498315413,39388647,0.51159,4471.402,buy
1498315413,39388646,0.51158,4357.561,buy
1498315365,39388563,0.5148,1026.08105924,buy
1498315365,39388562,0.51,1000.0,buy
1498315365,39388561,0.50999,222.09834465,buy
1498315365,39388560,0.505,568.47696182,buy
1498315365,39388556,0.505,32.72100746,buy
1498315364,39388553,0.505,4.50998471,buy
1498315360,39388543,0.50481,2000.0,sell
1498315357,39388533,0.505,37.27802304,buy
1498315354,39388527,0.505,100.0,buy
1498315344,39388504,0.505,4049.25867393,sell
1498315344,39388503,0.50501,207.75534904,sell
1498315305,39388451,0.505,1318.74132607,sell
1498315305,39388450,0.505,100.0,sell
1498315288,39388425,0.5098,100.0,buy
1498315285,39388422,0.5095,23.35327124,sell
1498315264,39388381,0.5095,221.76210938,sell
1498315260,39388378,0.5095,169.88461938,sell
1498315185,39388243,0.5097,100.0,buy
1498315091,39387962,0.50985,0.03866549,sell
1498315090,39387959,0.50985,57.91444451,sell
1498315089,39387958,0.5199,4712.20078722,buy
1498315089,39387957,0.5199,326.74840527,buy
1498315089,39387956,0.515,30.0,buy
1498315089,39387955,0.51229,28.29843249,buy
1498315089,39387954,0.5111,4436.5,buy
1498315089,39387953,0.511,2366.1,buy
1498315089,39387952,0.51,1000.0,buy
1498315089,39387951,0.5099,5000.0,buy
1498315089,39387950,0.5097,7543.2,buy
1498315089,39387949,0.507,6681.35255122,buy
1498315089,39387948,0.50665,789.42175,buy
