Timestamp,TradeId,Price,Amount,Type
1500767953,46009774,0.00009591,262.2975458,buy
1500767899,46009669,0.00009591,509.42856047,buy
1500767897,46009664,0.00009591,470.42553085,buy
1500767897,46009663,0.00009588,0.18764398,buy
1500767878,46009631,0.00009588,449.66565888,buy
1500767876,46009627,0.00009588,98.0717701,buy
1500767868,46009617,0.0000956,245.09588209,sell
1500767868,46009616,0.00009561,451.57488527,sell
1500767868,46009615,0.00009561,49.81660406,sell
1500767811,46009561,0.00009588,450.07492704,buy
1500767654,46009296,0.0000956,100.0,sell
1500767479,46009031,0.0000956,1000.0,sell
1500767442,46008986,0.00009591,272.20326311,buy
1500767418,46008949,0.00009591,651.76308593,buy
1500767191,46008590,0.00009591,25.6424559,buy
1500767123,46008452,0.00009591,0.91096768,buy
1500767115,46008433,0.00009591,4.0,buy
1500767094,46008406,0.00009591,125.6767865,buy
1500767045,46008379,0.00009591,1.00301351,buy
1500767023,46008355,0.00009591,1.0031842,buy
1500766850,46008142,0.00009591,262.03551029,buy
1500766807,46008036,0.00009591,30.09100299,buy
1500766734,46007979,0.00009591,393.98378305,buy
1500766682,46007933,0.0000956,90.0,sell
1500766674,46007918,0.00009591,225.0,buy
1500766258,46007195,0.0000959,149.9414952,sell
1500766225,46007142,0.0000959,0.06127086,sell
1500766225,46007140,0.0000959,699.93872914,sell
1500765967,46006769,0.0000956,1907.924243,sell
1500765911,46006709,0.00009601,94.0946006,buy
1500765855,46006588,0.0000956,6023.819602,sell
1500765846,46006573,0.0000956,1449.877398,sell
1500765517,46005790,0.0000956,200.0,sell
1500765503,46005776,0.00009636,200.0,buy
1500765474,46005745,0.0000956,5203.45391227,sell
1500765474,46005744,0.00009563,452.53,sell
1500765474,46005743,0.00009565,1000.0,sell
1500765474,46005742,0.00009566,1070.071,sell
1500765474,46005741,0.00009566,64.28548773,sell
1500765450,46005703,0.00009566,193.34127345,sell
1500765450,46005702,0.00009566,66.65872655,sell
1500765305,46005505,0.00009641,82.80000996,buy
1500765305,46005504,0.00009636,774.68696657,buy
1500765211,46005382,0.000096,448.75302083,sell
1500765211,46005381,0.000096,2.94314358,sell
1500765198,46005356,0.00009636,100.0,buy
1500765108,46005103,0.000096,500.9594709,sell
1500765108,46005102,0.000096,261.25307969,sell
1500765051,46004979,0.000096,3.15020552,sell
1500765051,46004978,0.000096,15.0440581,sell
1500764980,46004885,0.000096,31.72326103,sell
1500764976,46004879,0.00009635,123.31303343,buy
1500764926,46004747,0.000096,453.23268087,sell
1500764926,46004746,0.000096,1498.88599675,sell
1500764926,46004745,0.000096,45.82718491,sell
1500764922,46004740,0.000096,3.68530923,sell
1500764922,46004739,0.000096,4.84469077,sell
1500764879,46004666,0.000096,1906.897255,sell
1500764870,46004652,0.000096,600.0,sell
1500764863,46004635,0.000096,582.05080081,sell
1500764841,46004579,0.000096,586.332737,sell
1500764806,46004504,0.000096,253.61288,sell
1500764805,46004499,0.000096,243.53502121,sell
1500764793,46004452,0.00009546,1500.0,sell
1500764726,46004212,0.00009545,1.40082407,sell
1500764726,46004211,0.00009545,12.0,sell
1500764726,46004210,0.00009545,12.0,sell
1500764726,46004209,0.00009545,12.0,sell
1500764726,46004208,0.00009545,12.0,sell
1500764726,46004207,0.00009548,123.11361082,sell
1500764726,46004206,0.0000955,500.0,sell
1500764726,46004205,0.0000955,1274.56,sell
1500764726,46004204,0.00009553,1500.0,sell
1500764726,46004203,0.00009556,10.0,sell
1500764726,46004202,0.00009578,0.247077,sell
1500764726,46004201,0.0000958,84.7519833,sell
1500764726,46004200,0.0000958,10.0,sell
1500764726,46004199,0.0000958,0.1,sell
1500764684,46004111,0.0000964,100.0,buy
1500764637,46004024,0.00009581,300.0,sell
1500764614,46003980,0.0000963,50.0,buy
1500764579,46003914,0.00009581,71.23907549,sell
1500764544,46003848,0.00009639,164.54673721,sell
1500764541,46003838,0.00009639,562.96551218,sell
1500764541,46003832,0.00009639,562.3798921,sell
1500764540,46003828,0.00009639,387.154492,sell
1500764525,46003796,0.0000964,150.0,buy
1500764509,46003778,0.0000964,100.0,buy
1500764508,46003777,0.0000964,400.0,buy
1500764493,46003766,0.0000964,2500.0,buy
1500764408,46003627,0.0000963,0.1,buy
1500764356,46003510,0.00009577,3.98728658,sell
1500764356,46003509,0.00009577,16.01271342,sell
1500764326,46003467,0.00009573,10.0,sell
1500764294,46003399,0.00009646,5810.87089788,buy
1500764294,46003398,0.00009639,10.0,buy
1500764294,46003397,0.00009639,10.0,buy
1500764294,46003396,0.00009639,10.0,buy
1500764294,46003395,0.00009639,10.0,buy
1500764294,46003394,0.00009637,10.0,buy
1500764294,46003393,0.00009629,10.0,buy
1500764294,46003392,0.00009621,10.0,buy
1500764294,46003391,0.00009621,5181.86014627,buy
1500764294,46003390,0.00009616,684.26895585,buy
1500764294,46003389,0.00009612,337.0,buy
1500764231,46003242,0.00009612,160.0,buy
1500764002,46002835,0.0000961,15.0,buy
1500763920,46002668,0.0000961,10509.8855359,buy
1500763920,46002667,0.0000961,0.1,buy
1500763911,46002648,0.0000961,0.1,buy
1500763907,46002631,0.0000961,0.1,buy
1500763888,46002579,0.00009545,787.88638918,sell
1500763888,46002578,0.0000961,0.69361082,sell
1500763873,46002507,0.00009616,0.1,buy
1500763865,46002489,0.0000961,95.0,sell
1500763858,46002478,0.00009616,0.8,buy
1500763834,46002425,0.0000961,20.81165453,sell
1500763819,46002380,0.00009616,20.81165453,buy
1500763791,46002314,0.00009616,71.29718911,buy
1500763780,46002281,0.00009616,116.47154576,buy
1500763729,46002198,0.00009616,2.0,buy
1500763684,46002108,0.00009616,2.0,buy
1500763678,46002095,0.00009616,3.0,buy
1500763667,46002087,0.00009616,5.0,buy
1500763660,46002065,0.00009616,1.96237481,buy
1500763660,46002059,0.00009616,5.0,buy
1500763659,46002056,0.00009616,5.0,buy
1500763659,46002055,0.00009616,5.0,buy
1500763659,46002054,0.00009616,5.0,buy
1500763659,46002053,0.00009616,5.0,buy
1500763658,46002052,0.00009616,15.0,buy
1500763658,46002051,0.00009616,5.0,buy
1500763653,46002043,0.00009616,1.0,buy
1500763653,46002042,0.00009616,1.0,buy
1500763652,46002041,0.00009616,1.0,buy
1500763652,46002040,0.00009616,1.0,buy
1500763652,46002039,0.00009616,1.0,buy
1500763651,46002038,0.00009616,1.0,buy
1500763650,46002037,0.00009616,1.0,buy
1500763650,46002036,0.00009616,1.0,buy
1500763650,46002035,0.00009616,1.0,buy
1500763650,46002033,0.00009616,1.0,buy
1500763649,46002029,0.00009616,1.0,buy
1500763649,46002028,0.00009616,1.0,buy
1500763649,46002024,0.00009616,1.0,buy
1500763648,46002022,0.00009616,1.0,buy
1500763648,46002021,0.00009616,1.0,buy
1500763648,46002020,0.00009616,1.0,buy
1500763647,46002019,0.00009616,1.0,buy
1500763647,46002018,0.00009616,1.0,buy
1500763647,46002017,0.00009616,1.0,buy
1500763646,46002016,0.00009616,1.0,buy
1500763646,46002014,0.00009616,1.0,buy
1500763645,46002013,0.00009616,1.0,buy
1500763645,46002012,0.0000961,1.0,buy
1500763645,46002011,0.0000961,1.0,buy
1500763645,46002010,0.0000961,1.0,buy
1500763644,46002009,0.0000961,1.0,buy
1500763644,46002008,0.0000961,1.0,buy
1500763643,46002007,0.0000961,1.0,buy
1500763643,46002005,0.0000961,1.0,buy
1500763643,46002004,0.0000961,1.0,buy
1500763642,46002003,0.0000961,1.0,buy
1500763642,46001999,0.0000961,1.0,buy
1500763642,46001998,0.0000961,1.0,buy
1500763641,46001997,0.0000961,1.0,buy
1500763641,46001996,0.0000961,1.0,buy
1500763641,46001995,0.0000961,1.0,buy
1500763641,46001993,0.0000961,1.0,buy
1500763640,46001992,0.0000961,1.0,buy
1500763640,46001991,0.0000961,1.0,buy
1500763639,46001989,0.0000961,1.0,buy
1500763639,46001987,0.0000961,1.0,buy
1500763639,46001986,0.0000961,1.0,buy
1500763638,46001985,0.0000961,1.0,buy
1500763638,46001983,0.0000961,1.0,buy
1500763637,46001982,0.0000961,1.0,buy
1500763636,46001980,0.0000961,1.0,buy
1500763630,46001969,0.0000961,1471.0,buy
1500763503,46001706,0.00009616,50.0,buy
1500763400,46001499,0.00009616,100.0,buy
1500763394,46001476,0.00009616,100.0,buy
1500763334,46001369,0.00009616,274.28827994,buy
1500763178,46001083,0.0000954,89.0,sell
1500763148,46000997,0.00009621,66.889995,buy
1500763148,46000996,0.00009611,0.000005,buy
1500763136,46000961,0.00009526,45.66991107,sell
1500763136,46000960,0.00009531,254.73757931,sell
1500763136,46000959,0.0000954,774.59250962,sell
1500763088,46000889,0.0000954,1165.40749038,sell
1500763088,46000888,0.0000954,63.38388677,sell
1500763088,46000887,0.0000954,271.38810568,sell
1500763040,46000806,0.0000956,54.8,sell
1500763039,46000798,0.00009611,997.999995,buy
1500763015,46000717,0.00009541,345.0,sell
1500763000,46000682,0.0000954,84.90909017,sell
1500763000,46000681,0.0000954,5.09090983,sell
1500763000,46000680,0.0000954,910.0,sell
1500762982,46000614,0.0000954,90.0,sell
1500762982,46000613,0.00009547,10.0,sell
1500762885,46000361,0.00009611,998.0,buy
1500762750,45999849,0.00009526,245.26242069,sell
1500762750,45999848,0.00009529,10.0,sell
1500762750,45999847,0.00009529,1000.0,sell
1500762750,45999846,0.00009531,1500.0,sell
1500762750,45999845,0.00009531,10.0,sell
1500762750,45999844,0.00009545,10.0,sell
1500762750,45999843,0.00009545,401.0,sell
1500762750,45999842,0.0000959,1270.0,sell
1500762750,45999841,0.0000959,301.73757931,sell
1500762750,45999840,0.000096,1000.0,sell
1500762595,45999232,0.00009621,116.93,buy
1500762585,45999207,0.00009621,4544.7490931,buy
1500762584,45999206,0.00009621,2000.0,buy
1500762552,45999133,0.00009621,210.21337422,buy
1500762552,45999132,0.00009621,200.14100167,buy
1500762536,45999107,0.00009621,10.076995,buy
1500762523,45999084,0.00009621,10.00573113,buy
1500762449,45998901,0.00009621,4526.52652654,buy
1500762398,45998748,0.00009621,9.94699095,buy
1500762374,45998616,0.00009621,3732.91393826,buy
1500762372,45998604,0.00009621,0.8,buy
1500762369,45998596,0.000096,0.798,sell
1500762369,45998595,0.000096,100.0,sell
1500762267,45998007,0.00009621,543.76506469,buy
1500762204,45997745,0.00009621,232.73437264,buy
1500762204,45997744,0.00009618,10.0,buy
1500762204,45997743,0.00009615,10.0,buy
1500762204,45997742,0.00009612,10.0,buy
1500762204,45997741,0.00009601,10.0,buy
1500762204,45997740,0.000096,499.0,buy
1500762204,45997739,0.000096,189.52853841,buy
1500762204,45997738,0.00009596,399.0,buy
1500762159,45997602,0.0000959,0.1,buy
1500762057,45997289,0.0000959,3.88915537,buy
1500762044,45997246,0.0000959,10.0,buy
1500761950,45997075,0.00009542,0.00008705,buy
1500761950,45997074,0.00009542,726.67185716,buy
1500761949,45997071,0.0000959,100.0,sell
1500761943,45997056,0.00009596,40.0,buy
1500761938,45997047,0.00009596,20.0,buy
1500761936,45997044,0.00009596,20.0,buy
1500761933,45997040,0.00009596,20.0,buy
1500761915,45996978,0.00009591,487.93076483,buy
1500761894,45996899,0.00009591,20.0,buy
1500761885,45996883,0.00009591,137.53065054,buy
1500761834,45996731,0.00009591,350.0,buy
1500761820,45996722,0.00009591,1.44363442,buy
1500761733,45996526,0.00009521,252.06817352,sell
1500761733,45996525,0.0000955,34.5,sell
1500761733,45996524,0.0000955,0.594629,sell
1500761667,45996409,0.00009591,1.09495021,buy
1500761547,45996228,0.0000958,300.0,buy
1500761483,45996165,0.0000952,1281.881485,sell
1500761481,45996161,0.0000952,597.591515,sell
1500761481,45996160,0.0000952,51.93,sell
1500761461,45996138,0.00009563,1945.384,sell
1500761255,45995797,0.000096,1300.0,buy
1500761216,45995728,0.000096,7.47146159,buy
1500760989,45995013,0.00009608,1997.314,buy
1500760989,45995012,0.00009607,1311.686,buy
1500760989,45995011,0.00009602,10.0,buy
1500760989,45995010,0.000096,1.0,buy
1500760989,45995009,0.000096,480.0,buy
1500760989,45995008,0.00009593,10.0,buy
1500760989,45995007,0.00009579,10.0,buy
1500760989,45995006,0.00009577,400.0,buy
1500760989,45995005,0.00009577,10.0,buy
1500760655,45994161,0.0000952,3478.161862,sell
1500760571,45993962,0.0000955,3004.98900299,buy
1500760463,45993681,0.0000949,25.59401268,sell
1500760461,45993680,0.0000949,30.3465505,sell
1500760360,45993382,0.00009542,5.3465505,buy
1500760339,45993334,0.00009542,4.6534495,buy
1500760308,45993265,0.0000944,684.96363105,sell
1500760308,45993264,0.00009451,302.0,sell
1500760308,45993263,0.00009455,10.0,sell
1500760308,45993262,0.00009458,10.0,sell
1500760308,45993261,0.00009464,10.0,sell
1500760308,45993260,0.00009464,10.0,sell
1500760308,45993259,0.00009464,10.0,sell
1500760308,45993258,0.00009467,500.0,sell
1500760308,45993257,0.00009469,10.0,sell
1500760308,45993256,0.00009472,500.0,sell
1500760308,45993255,0.00009472,168.774598,sell
1500760308,45993254,0.00009473,1500.0,sell
1500760308,45993253,0.0000949,174.61991352,sell
1500760308,45993252,0.0000949,87.30995676,sell
1500760308,45993251,0.0000949,38.20663784,sell
1500760308,45993250,0.00009491,49.10331892,sell
1500760291,45993205,0.00009569,25.0,buy
1500760271,45993148,0.0000957,31.19283428,buy
1500760211,45992932,0.0000949,30.89668108,sell
1500760211,45992931,0.0000949,10.0,sell
1500760211,45992930,0.00009491,10.0,sell
1500760211,45992929,0.00009491,24.55165946,sell
1500760211,45992928,0.00009491,12.27582973,sell
1500760211,45992927,0.00009491,12.27582973,sell
1500760137,45992763,0.00009592,20.64002489,buy
1500760137,45992762,0.00009588,10.0,buy
1500760137,45992761,0.00009588,10.0,buy
1500760137,45992760,0.00009582,10.0,buy
1500760053,45992291,0.0000957,3161.484,buy
1500760053,45992290,0.00009549,1038.516,buy
1500760033,45992216,0.00009549,200.0,buy
1500759888,45991383,0.00009515,208.97644026,buy
1500759684,45990262,0.00009525,334.28165007,buy
1500759453,45988962,0.00009526,153.89298236,buy
1500759453,45988961,0.00009526,189.88890001,buy
1500759453,45988960,0.000095,278.5509768,buy
1500759440,45988898,0.000095,1.0,buy
1500759422,45988788,0.000095,2.0,buy
1500759387,45988631,0.000095,1000.0,buy
1500759281,45987952,0.0000953,100.0,buy
1500759180,45987480,0.0000954,0.2,buy
1500759166,45987440,0.0000955,0.5,buy
1500759147,45987377,0.0000953,0.1111,buy
1500759135,45987364,0.0000953,0.1111,buy
1500759127,45987358,0.0000954,0.1111,buy
1500759111,45987299,0.0000955,1.0,buy
1500759098,45987283,0.00009493,1546.272457,sell
1500759098,45987282,0.00009493,10.0,sell
1500759098,45987281,0.000095,10.0,sell
1500759096,45987274,0.0000957,10.0,buy
1500759080,45987256,0.0000955,10.0,buy
1500759067,45987230,0.0000954,140.0,sell
1500759064,45987227,0.0000957,100.0,buy
1500758996,45987087,0.0000954,100.0,buy
1500758985,45987080,0.0000955,1500.0,buy
1500758912,45986945,0.0000957,102.0,buy
1500758854,45986843,0.00009497,110.77038469,sell
1500758854,45986842,0.00009497,346.324,sell
1500758854,45986841,0.00009536,40.8342223,sell
1500758854,45986840,0.0000957,0.01193401,sell
1500758847,45986830,0.0000958,350.0,buy
1500758819,45986794,0.0000958,1000.0,buy
1500758816,45986792,0.0000959,6.90980198,buy
1500758816,45986791,0.00009588,10.0,buy
1500758816,45986790,0.0000958,383.09019802,buy
1500758803,45986779,0.0000958,100.0,buy
1500758801,45986775,0.0000957,208.0,sell
1500758720,45986678,0.0000957,500.0,buy
1500758633,45986597,0.0000957,208.21994594,buy
1500758611,45986569,0.0000958,516.90980198,buy
1500758611,45986568,0.00009578,10.0,buy
1500758611,45986567,0.00009578,10.0,buy
1500758611,45986566,0.00009573,206.56103728,buy
1500758611,45986565,0.0000957,10.0,buy
1500758611,45986564,0.00009561,10.0,buy
1500758611,45986563,0.0000954,10.0,buy
1500758603,45986555,0.00009535,1061.1657777,buy
1500758533,45986499,0.00009536,435.8342223,sell
1500758504,45986480,0.00009536,2514.1657777,buy
1500758486,45986457,0.00009536,100.0,buy
1500758456,45986445,0.00009536,10400.0,buy
1500758370,45986351,0.0000951,405.38851062,sell
1500758284,45986224,0.00009536,25.0,buy
1500758277,45986214,0.00009536,700.0,buy
1500758256,45986194,0.00009536,1000.0,buy
1500758166,45986071,0.00009536,350.0,buy
1500758116,45986012,0.00009536,1100.0,buy
1500758087,45985973,0.00009536,3.6130453,buy
1500758085,45985970,0.00009536,10.0,buy
1500758078,45985960,0.00009536,156.0,buy
1500758064,45985936,0.00009536,2000.0,buy
1500758033,45985893,0.00009536,1000.0,buy
1500757990,45985846,0.00009536,990.0,buy
1500757990,45985845,0.00009536,10.0,buy
1500757885,45985694,0.00009534,489.0,buy
1500757885,45985693,0.00009534,10.0,buy
1500757885,45985692,0.0000953,402.89212979,buy
1500757864,45985661,0.0000953,330.33783784,buy
1500757851,45985654,0.0000953,15.04600299,buy
1500757814,45985609,0.0000953,249.72402938,buy
1500757814,45985608,0.00009529,499.0,buy
1500757814,45985607,0.0000952,300.0,buy
1500757782,45985574,0.0000949,3500.0,sell
1500757763,45985555,0.0000949,3500.0,sell
1500757759,45985549,0.00009481,3500.0,sell
1500757651,45985440,0.0000952,1590.0,buy
1500757620,45985400,0.0000952,100.9,buy
1500757620,45985399,0.00009519,2.0,buy
1500757589,45985371,0.00009519,4.0,buy
1500757579,45985368,0.00009519,4.0,buy
1500757567,45985344,0.000095,109.82996013,buy
1500757542,45985329,0.000095,150.0,buy
1500757538,45985321,0.000095,100.0,buy
1500757410,45985149,0.0000945,200.0,sell
1500757398,45985143,0.0000944,435.79132087,sell
1500757398,45985142,0.0000944,1630.0,sell
1500757398,45985141,0.0000944,860.0,sell
1500757398,45985140,0.0000944,290.37867913,sell
1500757398,45985139,0.0000944,283.83,sell
1500757233,45985031,0.000095,0.98547368,buy
1500757232,45985027,0.000095,10.0,buy
1500757231,45985026,0.000095,10.0,buy
1500757230,45985025,0.000095,10.0,buy
1500757212,45985010,0.00009499,100.0,buy
1500757205,45985003,0.0000944,1000.0,sell
1500757186,45984980,0.00009499,485.38697,sell
1500757156,45984949,0.000095,5.56957894,buy
1500757155,45984947,0.000095,10.0,buy
1500757154,45984945,0.00009499,414.61302979,buy
1500757154,45984944,0.00009499,10.0,buy
1500757151,45984938,0.00009499,10.0,buy
1500757143,45984935,0.00009499,1092.745,buy
1500757143,45984934,0.00009499,107.255,buy
1500757140,45984933,0.00009499,50.0,buy
1500757083,45984852,0.0000944,165.76064231,sell
1500757083,45984851,0.0000946,31.73935769,sell
1500757078,45984847,0.000095,206.97498725,buy
1500757075,45984838,0.000095,100.0,buy
1500757066,45984817,0.000095,100.0,buy
1500757058,45984805,0.00009509,10.0,buy
1500757034,45984785,0.00009509,50.0,buy
1500756977,45984708,0.0000944,982.28789447,sell
1500756969,45984677,0.0000944,2000.0,sell
1500756965,45984657,0.00009534,1527.35802979,sell
1500756964,45984653,0.00009534,389.92497021,sell
1500756963,45984637,0.00009533,5245.334,buy
1500756963,45984636,0.000095,2238.28716216,buy
1500756963,45984635,0.00009499,216.62951509,buy
1500756944,45984611,0.000095,4.82556899,buy
1500756864,45984529,0.0000944,1333.41194471,sell
1500756837,45984514,0.0000948,8.31739665,buy
1500756828,45984509,0.0000949,23.01706161,buy
1500756821,45984506,0.00009489,8.0,buy
1500756794,45984467,0.0000944,1333.41194471,sell
1500756776,45984453,0.0000944,1333.41194471,sell
1500756765,45984433,0.0000944,1333.35592248,sell
1500756765,45984432,0.0000947,0.05602223,sell
1500756736,45984417,0.0000948,124.95234708,buy
1500756719,45984409,0.0000947,999.94397777,sell
1500756713,45984404,0.00009466,227.10048852,buy
1500756713,45984403,0.00009465,772.89951148,buy
1500756706,45984396,0.0000947,1000.0,buy
1500756695,45984390,0.0000944,1302.82613447,sell
1500756668,45984368,0.0000944,1143.7049745,sell
1500756668,45984367,0.0000944,18.98710732,sell
1500756668,45984366,0.00009466,2.5,buy
1500756667,45984365,0.0000944,1481.36565952,sell
1500756655,45984355,0.0000944,5443.67203808,sell
1500756621,45984308,0.0000944,2495.56972261,sell
1500756621,45984307,0.0000944,1167.12235921,sell
1500756619,45984298,0.00009499,298.31481295,buy
1500756619,45984297,0.00009499,10.0,buy
1500756619,45984296,0.00009499,516.62799999,buy
1500756613,45984291,0.0000944,292.32369705,sell
1500756610,45984287,0.0000944,124.010463,sell
1500756608,45984279,0.00009441,5431.78720622,sell
1500756607,45984275,0.00009441,68.21279378,sell
1500756607,45984274,0.00009441,1000.0,sell
1500756607,45984273,0.00009441,1107.97773354,sell
1500756607,45984272,0.00009445,506.628,sell
1500756607,45984271,0.00009446,10.0,sell
1500756607,45984270,0.00009446,227.33296372,sell
1500756607,45984269,0.00009446,10.0,sell
1500756607,45984268,0.00009449,0.05329596,sell
1500756607,45984263,0.00009449,123.95716704,sell
1500756597,45984235,0.0000949,128.44013675,buy
1500756588,45984221,0.00009449,1375.989537,sell
1500756588,45984220,0.00009449,209.29124775,sell
1500756588,45984219,0.00009455,10.0,sell
1500756588,45984218,0.00009458,500.0,sell
1500756588,45984217,0.00009458,3.74559687,sell
1500756588,45984216,0.00009458,1439.65521251,sell
1500756588,45984215,0.00009458,124.01048769,sell
1500756538,45984126,0.00009489,0.59437822,buy
1500756516,45984087,0.00009458,994.5327518,sell
1500756516,45984086,0.00009459,1000.0,sell
1500756516,45984085,0.0000946,1000.0,sell
1500756516,45984084,0.0000946,115.16542701,sell
1500756516,45984083,0.0000946,197.29106619,sell
1500756513,45984076,0.0000946,1486.332,sell
1500756485,45984041,0.00009497,24.13040384,buy
1500756474,45984033,0.0000946,5982.04300027,sell
1500756474,45984032,0.00009464,500.0,sell
1500756447,45984003,0.00009499,210.0,buy
1500756426,45983984,0.000095,156.88726885,buy
1500756408,45983962,0.0000946,334.33393354,sell
1500756408,45983961,0.0000947,0.11662346,sell
1500756404,45983954,0.0000947,311.88337654,sell
1500756404,45983953,0.00009477,0.05474955,sell
1500756404,45983951,0.00009477,69.31702952,sell
1500756404,45983950,0.00009477,265.07877813,sell
1500756367,45983922,0.000095,100.0,buy
1500756365,45983917,0.000095,102.9681712,buy
1500756359,45983910,0.00009477,10.62822093,sell
1500756359,45983909,0.00009477,265.06603807,sell
1500756315,45983848,0.0000954,273.36429818,buy
1500756234,45983723,0.00009477,188.4940938,sell
1500756234,45983722,0.0000949,737.6609062,sell
1500756234,45983721,0.00009491,80.0,sell
1500756172,45983652,0.00009527,4445.23470839,buy
1500755869,45983310,0.0000955,19.54457101,buy
1500755858,45983304,0.0000956,111.19017968,buy
1500755852,45983296,0.0000958,200.0,buy
1500755813,45983223,0.0000958,1000.0,buy
1500755802,45983206,0.00009598,2725.40266164,buy
1500755802,45983205,0.00009598,20.0,buy
1500755802,45983204,0.00009598,10.0,buy
1500755802,45983203,0.00009592,10.0,buy
1500755802,45983202,0.0000958,500.0,buy
1500755802,45983201,0.00009577,6379.09153738,buy
1500755802,45983200,0.00009569,10.0,buy
1500755802,45983199,0.00009552,10.0,buy
1500755802,45983198,0.00009551,10.0,buy
1500755802,45983197,0.0000955,10.0,buy
1500755802,45983196,0.00009548,10.0,buy
1500755802,45983195,0.00009544,10.0,buy
1500755802,45983194,0.00009536,942.58914914,buy
1500755793,45983185,0.00009536,65.87215692,buy
1500755793,45983184,0.00009532,10.0,buy
1500755793,45983183,0.00009531,599.9602874,buy
1500755793,45983182,0.00009526,324.16755568,buy
1500755786,45983175,0.00009526,381.458272,buy
1500755781,45983169,0.00009526,791.37417232,buy
1500755781,45983168,0.00009526,208.62582768,buy
1500755770,45983163,0.00009526,39.91969152,buy
1500755770,45983162,0.00009521,960.08030848,buy
1500755770,45983161,0.00009521,37.91969152,buy
1500755770,45983160,0.00009472,16.11182978,buy
1500755770,45983159,0.00009458,45.9684787,buy
1500755767,45983157,0.00009458,100.0,buy
1500755756,45983130,0.00009458,100.0,buy
1500755750,45983125,0.00009458,1000.0,sell
1500755684,45983024,0.00009472,113.93152847,buy
1500755683,45983018,0.00009472,178.69702941,buy
1500755683,45983017,0.00009472,178.53216621,buy
1500755683,45983016,0.000095,80.0,sell
1500755683,45983015,0.0000952,9.0,sell
1500755619,45982948,0.00009526,250.4544808,buy
1500755442,45982744,0.00009526,103.00000001,buy
1500755442,45982743,0.00009526,7999.99999999,buy
1500755442,45982742,0.00009526,499.0,buy
1500755442,45982741,0.0000952,848.0,buy
1500755432,45982734,0.0000952,100.0,buy
1500755378,45982695,0.0000952,20.0,buy
1500755270,45982613,0.0000952,30.0,buy
1500755227,45982553,0.00009443,273.56015666,sell
1500755227,45982552,0.00009443,226.43984334,sell
1500754832,45981965,0.0000949,500.0,buy
1500754805,45981938,0.000095,0.06270695,sell
1500754745,45981913,0.000095,996.51230178,sell
1500754648,45981817,0.0000952,150.0,buy
1500754638,45981785,0.0000952,10000.0,buy
1500754631,45981772,0.0000952,1296.8867084,buy
1500754552,45981536,0.0000953,190.0,buy
1500754552,45981535,0.00009506,10.0,buy
1500754498,45981462,0.00009501,10.0,buy
1500754498,45981461,0.00009501,10.0,buy
1500754413,45981397,0.00009442,3.42499127,sell
1500754413,45981396,0.00009444,195.97003537,sell
1500754388,45981363,0.0000949,249.96477495,buy
1500754188,45981166,0.0000947,1000.0,buy
1500754180,45981160,0.00009441,13060.87048246,sell
1500754180,45981159,0.00009442,1000.0,sell
1500754180,45981158,0.00009442,1000.0,sell
1500754173,45981146,0.0000947,3000.0,buy
1500754078,45981038,0.0000948,7.7121308,buy
1500754069,45981032,0.0000948,10.0,buy
1500754056,45981007,0.0000948,10.0,buy
1500754045,45980984,0.0000948,10.0,buy
1500754001,45980901,0.0000948,100.0,buy
1500753990,45980888,0.0000948,6501.49013227,buy
1500753952,45980825,0.00009441,351.151784,sell
1500753848,45980722,0.0000944,31.57200467,sell
1500753848,45980721,0.0000944,188.3619123,sell
1500753826,45980707,0.0000944,8.13085635,sell
1500753826,45980706,0.0000944,195.80188996,sell
1500753823,45980704,0.0000948,50.0,sell
1500753760,45980628,0.0000944,200.0,sell
1500753744,45980604,0.000095,9383.18806444,buy
1500753744,45980603,0.000095,113.92828498,buy
1500753744,45980602,0.00009451,31.25661285,buy
1500753744,45980601,0.00009451,499.93837873,buy
1500753744,45980600,0.00009451,971.688659,buy
1500753740,45980598,0.00009451,226.1163494,buy
1500753688,45980510,0.00009451,50.0,buy
1500753668,45980471,0.0000944,345.0,sell
1500753599,45980384,0.0000944,199.84061972,sell
1500753599,45980383,0.0000944,103.02318564,sell
1500753573,45980370,0.00009433,187.6838372,sell
1500753573,45980367,0.00009433,31.3161628,sell
1500753573,45980366,0.00009438,500.0,sell
1500753573,45980365,0.0000944,1247.862982,sell
1500753559,45980346,0.0000944,7371.21667311,sell
1500753559,45980345,0.0000944,180.25032689,sell
1500753543,45980323,0.0000944,10.0,sell
1500753508,45980295,0.0000944,100.0,sell
1500753500,45980293,0.0000944,4318.48142056,sell
1500753500,45980292,0.0000944,181.51857944,sell
1500753498,45980290,0.00009465,100.0,buy
1500753469,45980263,0.0000944,300.0,sell
1500753332,45980096,0.0000947,43.56330014,buy
1500753293,45980062,0.0000944,1172.438924,sell
1500753293,45980061,0.0000944,198.08,sell
1500753286,45980051,0.0000947,500.0,buy
1500753239,45979994,0.0000947,2.0,buy
1500753236,45979991,0.0000947,2.0,buy
1500753222,45979975,0.0000947,5.0,buy
1500753209,45979970,0.0000947,10.0,buy
1500753191,45979941,0.0000947,50.0,buy
1500753182,45979922,0.0000947,49.5728945,buy
1500753182,45979921,0.00009445,0.4271055,buy
1500753171,45979913,0.0000944,175.92,sell
1500753148,45979886,0.00009445,943.78536877,sell
1500753148,45979885,0.00009445,165.15752573,sell
1500753080,45979800,0.0000946,1216.73186344,buy
1500753018,45979694,0.0000946,1.0,buy
1500752972,45979648,0.0000948,5.0,buy
1500752960,45979637,0.00009488,5.0,buy
1500752944,45979625,0.0000949,5.0,buy
1500752935,45979624,0.0000949,5.0,buy
1500752926,45979620,0.0000949,5.0,buy
1500752917,45979610,0.0000949,5.0,buy
1500752873,45979553,0.0000948,3.0,buy
1500752865,45979549,0.0000948,3.0,buy
1500752856,45979541,0.00009445,4999.0,sell
1500752853,45979540,0.0000949,15.0,buy
1500752849,45979539,0.00009489,15.0,buy
1500752819,45979508,0.0000948,50.0,buy
1500752698,45979423,0.00009445,1664.45909673,sell
1500752698,45979422,0.00009445,143.13564327,sell
1500752594,45979375,0.00009445,6912.7555345,sell
1500752594,45979374,0.00009446,364.0,sell
1500752594,45979373,0.00009447,130.79027364,sell
1500752594,45979372,0.00009448,199.35719186,sell
1500752566,45979326,0.00009448,113.519,sell
1500752566,45979325,0.00009448,500.0,sell
1500752564,45979314,0.00009499,37.93144283,buy
1500752564,45979313,0.00009499,49.68641876,buy
1500752514,45979260,0.00009547,433.89360779,buy
1500752514,45979259,0.00009509,6.81639221,buy
1500752388,45979067,0.00009509,0.18360779,buy
1500752380,45979056,0.00009509,1.0,buy
1500752370,45979028,0.00009509,2.0,buy
1500752284,45978915,0.00009448,158.4475,sell
1500752226,45978874,0.0000954,10.0,buy
1500752198,45978862,0.0000951,2.0,buy
1500752195,45978858,0.0000951,10.0,buy
1500752193,45978857,0.0000951,5.0,buy
1500752168,45978818,0.0000954,10.0,buy
1500752146,45978796,0.0000951,30.0,buy
1500752112,45978766,0.0000954,10.0,buy
1500752108,45978764,0.00009526,6.31358124,buy
1500752056,45978731,0.0000952,10.0,buy
1500752053,45978730,0.00009448,66.59030813,sell
1500752053,45978729,0.00009474,10.0,sell
1500752053,45978728,0.00009478,10.0,sell
1500752053,45978727,0.00009487,119.58179218,sell
1500752053,45978726,0.00009488,10.0,sell
1500752048,45978720,0.0000952,10.0,buy
1500752040,45978719,0.0000953,30.0,buy
1500752027,45978707,0.0000954,250.0,buy
1500751946,45978632,0.00009515,0.01960063,sell
1500751946,45978631,0.00009515,9.98039937,sell
1500751946,45978630,0.00009515,10.0,sell
1500751946,45978629,0.00009515,10.0,sell
1500751946,45978628,0.00009515,10.0,sell
1500751946,45978627,0.00009515,831.51960063,sell
1500751932,45978624,0.0000954,373.787204,sell
1500751932,45978623,0.0000954,266.212796,sell
1500751932,45978622,0.0000954,9733.787204,sell
1500751931,45978621,0.0000954,4786.212796,sell
1500751931,45978620,0.00009541,118.33284912,sell
1500751931,45978619,0.00009541,5095.45435488,sell
1500751918,45978605,0.0000956,55.41518492,buy
1500751883,45978576,0.00009541,1014.6125,sell
1500751867,45978564,0.0000955,200.0,buy
1500751844,45978555,0.0000955,200.0,buy
1500751830,45978542,0.0000955,110.0,buy
1500751811,45978515,0.0000955,200.0,buy
1500751775,45978482,0.0000955,200.0,buy
1500751704,45978408,0.0000955,500.0,buy
1500751635,45978336,0.00009541,400.0,sell
1500751493,45978272,0.00009576,132.0,sell
1500751446,45978244,0.00009577,7.9,buy
1500751418,45978218,0.00009577,0.28153353,buy
1500751410,45978212,0.00009577,1.90064046,buy
1500751400,45978211,0.00009577,5.0,buy
1500751373,45978202,0.00009577,200.0,buy
1500751359,45978189,0.00009577,5.0,buy
1500751350,45978186,0.00009577,1.0,buy
1500751341,45978179,0.00009577,3.0,buy
1500751330,45978178,0.00009577,20.0,buy
1500751316,45978172,0.00009577,50.0,buy
1500751296,45978139,0.00009541,42.49523331,sell
1500751274,45978131,0.00009577,10.0,buy
1500751229,45978099,0.00009577,95.4699,buy
1500751207,45978086,0.00009577,414.94963431,buy
1500751142,45978034,0.00009543,0.8405,sell
1500751142,45978033,0.0000957,157.607,sell
1500751038,45977959,0.00009577,884.28237357,buy
1500750989,45977934,0.00009577,1996.24822547,buy
1500750885,45977831,0.0000957,6661.19189,buy
1500750881,45977826,0.00009577,577.4355226,buy
1500750873,45977815,0.00009577,5319.0143051,buy
1500750871,45977808,0.00009577,2001.25300198,buy
1500750764,45977736,0.00009577,9416.9166753,buy
1500750668,45977633,0.0000956,2000.0,buy
1500750654,45977615,0.0000957,1.0,buy
1500750585,45977570,0.00009536,7108.178,sell
1500750580,45977566,0.0000957,16.17210031,buy
1500750570,45977549,0.0000957,200.0,buy
1500750558,45977531,0.00009536,248.0,sell
1500750537,45977479,0.0000956,200.0,buy
1500750484,45977423,0.00009577,2292.26596966,buy
1500750484,45977422,0.00009557,10.0,buy
1500750484,45977421,0.00009557,10.0,buy
1500750484,45977420,0.00009557,10.0,buy
1500750484,45977419,0.00009557,10.0,buy
1500750484,45977418,0.00009552,10.0,buy
1500750484,45977417,0.0000955,10.0,buy
1500750484,45977416,0.00009547,10.0,buy
1500750484,45977415,0.00009547,10.0,buy
1500750484,45977414,0.00009547,10.0,buy
1500750484,45977413,0.0000954,3.0,buy
1500750484,45977412,0.00009537,139.71556141,buy
1500750484,45977411,0.00009536,6089.01846893,buy
1500750431,45977377,0.00009536,200.0,sell
1500750415,45977366,0.00009536,1673.84866818,buy
1500750414,45977363,0.00009536,599.81612191,buy
1500750407,45977353,0.00009536,200.0,buy
1500750391,45977341,0.00009536,200.0,sell
1500750363,45977320,0.00009536,250.0,buy
1500750356,45977314,0.00009536,250.0,sell
1500750335,45977262,0.00009536,250.0,buy
1500750316,45977250,0.00009536,126.48469879,sell
1500750316,45977249,0.00009536,73.51530121,sell
1500750313,45977246,0.00009536,1000.0,buy
1500750283,45977215,0.00009536,200.0,buy
1500750271,45977208,0.00009536,200.0,sell
1500750262,45977202,0.00009536,2024.57498666,buy
1500750261,45977201,0.00009536,200.0,buy
1500750251,45977194,0.00009536,200.0,sell
1500750223,45977160,0.00009536,2639.08806218,buy
1500750222,45977156,0.00009536,307.40376807,buy
1500750219,45977148,0.00009536,4157.20358072,buy
1500750218,45977143,0.00009536,127.23440135,buy
1500750218,45977142,0.00009536,101.60202361,buy
1500750189,45977105,0.00009536,50.0,buy
1500750187,45977104,0.00009536,50.0,buy
1500750184,45977098,0.00009536,50.0,buy
1500750181,45977095,0.00009536,50.0,buy
1500750153,45977057,0.00009536,1001.26873774,buy
1500750124,45977015,0.00009536,156.25553,buy
1500750111,45976993,0.00009536,600.0,buy
1500750090,45976962,0.00009536,46.25144175,buy
1500750089,45976960,0.00009536,315.4181,buy
1500750061,45976921,0.00009536,2619.9554,buy
1500750046,45976893,0.00009536,177.90428749,buy
1500750031,45976884,0.0000952,13.37,buy
1500750007,45976780,0.00009463,143.1171,sell
1500749997,45976761,0.00009461,9.96846141,sell
1500749997,45976760,0.00009461,125.03153859,sell
1500749993,45976744,0.0000946,13.37,sell
1500749985,45976731,0.0000946,3.37,sell
1500749985,45976730,0.00009468,10.0,sell
1500749928,45976604,0.00009536,13.37,buy
1500749923,45976597,0.00009456,13.37,sell
1500749894,45976502,0.0000953,10.0,buy
1500749883,45976411,0.0000953,200.0,buy
1500749824,45976194,0.00009432,143.1171,sell
1500749791,45976152,0.0000952,20.0,buy
1500749775,45976127,0.0000953,3856.54197339,buy
1500749775,45976126,0.00009528,121.44806436,buy
1500749766,45976111,0.00009535,13.37,buy
1500749756,45976082,0.00009536,1930.48174156,buy
1500749756,45976081,0.00009532,167.632,buy
1500749756,45976080,0.00009532,36.99,buy
1500749756,45976079,0.00009527,10.0,buy
1500749756,45976078,0.00009524,10.0,buy
1500749756,45976077,0.00009524,10.0,buy
1500749756,45976076,0.0000952,1500.0,buy
1500749756,45976075,0.00009507,10.0,buy
1500749756,45976074,0.000095,499.0,buy
1500749756,45976073,0.000095,372.0,buy
1500749756,45976072,0.000095,166.83,buy
1500749756,45976071,0.000095,1914.65568915,buy
1500749756,45976070,0.00009494,498.002,buy
1500749756,45976069,0.00009494,1497.0,buy
1500749756,45976068,0.0000949,5243.7,buy
1500749756,45976067,0.0000949,699.40546312,buy
1500749756,45976066,0.0000949,52.42822147,buy
1500749756,45976065,0.0000949,7062.51055326,buy
1500749755,45976064,0.0000949,13.37,buy
1500749725,45976022,0.00009401,13.37,sell
1500749718,45976012,0.0000939,2.77376669,sell
1500749718,45976011,0.00009463,10.59623331,sell
1500749714,45976007,0.0000949,13.37,buy
1500749711,45976005,0.00009463,13.37,sell
1500749707,45976002,0.0000949,13.37,buy
1500749702,45975994,0.00009463,13.37,sell
1500749691,45975976,0.0000949,100.0,buy
1500749672,45975956,0.0000949,20.0,buy
1500749671,45975953,0.0000949,13.37,buy
1500749665,45975947,0.00009463,13.37,sell
1500749638,45975915,0.00009462,10.0,buy
1500749610,45975877,0.00009401,114.9853256,sell
1500749610,45975876,0.00009401,97.2846744,sell
1500749560,45975821,0.00009401,546.31924122,sell
1500749560,45975820,0.00009428,93.51575878,sell
1500749560,45975819,0.00009428,10.065,sell
1500749560,45975818,0.0000948,0.1,sell
1500749519,45975776,0.0000949,17.93,buy
1500749449,45975665,0.0000949,105.0,buy
1500749435,45975634,0.00009488,44.3,buy
1500749419,45975607,0.0000948,18.0,buy
1500749416,45975606,0.0000948,18.0,buy
1500749415,45975604,0.0000948,18.0,buy
1500749411,45975599,0.0000948,18.0,buy
1500749389,45975557,0.0000948,18.04,buy
1500749382,45975545,0.0000948,91.89873418,buy
1500749340,45975491,0.0000939,0.4,sell
1500749335,45975483,0.0000948,348.10126582,buy
1500749335,45975482,0.0000948,60.0,buy
1500749301,45975467,0.0000938,2741.94231699,sell
1500749301,45975466,0.00009384,92.07868301,sell
1500749301,45975465,0.00009384,768.979,sell
1500749225,45975396,0.0000938,84.63127249,sell
1500749225,45975395,0.00009381,35.6704111,sell
1500749125,45975301,0.0000939,4846.0,sell
1500749085,45975261,0.0000938,1323.9533025,sell
1500749085,45975260,0.00009382,4128.19585686,sell
1500749085,45975259,0.00009382,1423.86887038,sell
1500749085,45975258,0.00009382,1238.45139106,sell
1500749045,45975202,0.000094,381.36170212,buy
1500749042,45975199,0.000094,102.44603485,buy
1500749036,45975188,0.00009382,795.91217193,sell
1500749036,45975187,0.00009385,103.73681406,sell
1500748944,45975115,0.000094,13.37,buy
1500748903,45975041,0.000094,268.7250096,buy
1500748899,45975028,0.000094,16.88259817,buy
1500748886,45975009,0.000094,30.10702068,buy
1500748886,45975005,0.000094,28.02658602,buy
1500748886,45975004,0.00009404,1500.0,sell
1500748886,45975003,0.00009404,28.41936473,sell
1500748841,45974963,0.000095,212.99885537,buy
1500748841,45974962,0.00009499,149.15895046,buy
1500748839,45974959,0.00009406,482.11740183,sell
1500748839,45974958,0.0000941,10.0,sell
1500748839,45974957,0.00009418,500.0,sell
1500748839,45974956,0.00009433,10.0,sell
1500748839,45974955,0.00009433,6.39469611,sell
1500748839,45974954,0.00009433,30.25259817,sell
1500748835,45974953,0.00009433,3.31530389,sell
1500748835,45974952,0.00009443,10.0,sell
1500748835,45974951,0.0000945,0.05469611,sell
1500748808,45974915,0.00009499,13.37,buy
1500748776,45974869,0.0000945,1012.92827219,sell
1500748774,45974865,0.0000945,26.23807956,sell
1500748774,45974864,0.0000945,73.76192044,sell
1500748757,45974819,0.00009499,161.10638676,buy
1500748736,45974797,0.0000945,13.37,sell
1500748733,45974796,0.0000945,13.37,sell
1500748731,45974794,0.0000949,1033.76605586,buy
1500748715,45974769,0.0000947,5.96367476,buy
1500748700,45974752,0.0000947,13.37,buy
1500748694,45974736,0.0000949,13.37,buy
1500748688,45974726,0.0000945,42.96445214,sell
1500748688,45974725,0.0000945,100.15264786,sell
1500748667,45974707,0.000095,6671.410781,buy
1500748662,45974705,0.000095,13.37,buy
1500748648,45974682,0.0000949,13.37,buy
1500748635,45974675,0.0000949,366.0,buy
1500748635,45974673,0.0000949,13.37,buy
1500748602,45974652,0.0000949,27.01222339,buy
1500748600,45974651,0.0000949,50.0,buy
1500748599,45974650,0.0000949,50.0,buy
1500748595,45974648,0.0000949,5.0,buy
1500748593,45974647,0.0000949,5.0,buy
1500748592,45974646,0.0000949,5.0,buy
1500748592,45974645,0.0000949,5.0,buy
1500748590,45974644,0.0000949,5.0,buy
1500748589,45974642,0.0000949,5.0,buy
1500748588,45974641,0.0000949,5.0,buy
1500748587,45974640,0.0000949,5.0,buy
1500748586,45974638,0.0000949,5.0,buy
1500748585,45974634,0.0000949,5.0,buy
1500748584,45974633,0.0000949,5.0,buy
1500748582,45974632,0.0000949,5.0,buy
1500748577,45974629,0.000095,13.37,buy
1500748574,45974628,0.0000945,13.37,sell
1500748568,45974620,0.0000949,13.37,buy
1500748563,45974617,0.0000945,13.30811831,sell
1500748563,45974616,0.0000949,0.06188169,sell
1500748513,45974572,0.000095,10.0,buy
1500748512,45974568,0.000095,10.0,buy
1500748509,45974563,0.000095,100.0,buy
1500748497,45974544,0.000095,538.83,buy
1500748471,45974513,0.000095,750.0,buy
1500748465,45974512,0.000095,2048.83,buy
1500748441,45974478,0.000095,36439.2748607,buy
1500748422,45974427,0.000095,33150.09752015,buy
1500748415,45974418,0.000095,13.37,buy
1500748410,45974414,0.0000949,1816.93811831,sell
1500748368,45974379,0.000095,107.08747368,buy
1500748315,45974303,0.000095,13.37,buy
1500748310,45974295,0.0000949,0.04551267,sell
1500748309,45974293,0.0000949,20.0,sell
1500748306,45974283,0.000095,538.83,buy
1500748281,45974258,0.000095,160.78689005,buy
1500748281,45974253,0.000095,538.83,buy
1500748281,45974252,0.000095,538.83,buy
1500748278,45974246,0.000095,13.37,buy
1500748267,45974223,0.0000949,10852.28448733,buy
1500748266,45974218,0.0000949,10.04551267,buy
1500748265,45974216,0.0000949,10.0,buy
1500748262,45974211,0.0000949,13.37,buy
1500748231,45974175,0.0000949,0.0424236,sell
1500748229,45974171,0.0000949,1606.4,sell
1500748208,45974135,0.000095,1.0,buy
1500748200,45974123,0.0000949,3265.5575764,buy
1500748164,45974066,0.0000949,13.37,buy
1500748164,45974062,0.0000949,347.45173867,buy
1500748108,45973972,0.0000949,7387.95068493,buy
1500748061,45973903,0.0000949,13.37,buy
1500748048,45973857,0.000095,13.37,buy
1500748042,45973848,0.00009433,0.29,sell
1500748036,45973838,0.00009465,13.37,buy
1500748024,45973814,0.00009467,13.37,buy
1500748010,45973789,0.0000947,62.0,buy
1500748008,45973783,0.00009469,13.37,buy
1500748004,45973778,0.0000947,13.37,buy
1500748000,45973766,0.00009469,4184.536547,sell
1500747999,45973760,0.00009469,1482.109453,sell
1500747990,45973730,0.0000949,13.37,buy
1500747983,45973723,0.0000948,13.37,buy
1500747924,45973526,0.0000949,3087.87439513,buy
1500747708,45972951,0.0000949,13.37,buy
1500747643,45972764,0.000095,13.37,buy
1500747630,45972740,0.0000948,13.37,buy
1500747610,45972709,0.0000949,13.37,buy
1500747599,45972693,0.000095,13.37,buy
1500747592,45972679,0.000095,13.37,buy
1500747588,45972676,0.0000948,6.36,buy
1500747579,45972672,0.0000949,13.37,buy
1500747550,45972647,0.000095,13.37,buy
1500747543,45972640,0.0000938,98.50736745,sell
1500747543,45972639,0.0000938,41.14793255,sell
1500747526,45972620,0.000095,13.37,buy
1500747514,45972606,0.0000948,10.0,buy
1500747496,45972588,0.0000948,13.37,buy
1500747491,45972585,0.00009378,3.98,sell
1500747479,45972573,0.0000949,13.37,buy
1500747475,45972569,0.000095,13.37,buy
1500747471,45972561,0.00009378,3.37,sell
1500747471,45972560,0.00009433,10.0,sell
1500747450,45972537,0.0000949,142.52032453,buy
1500747450,45972535,0.0000949,142.14214215,buy
1500747449,45972531,0.0000949,142.0,buy
1500747449,45972526,0.0000949,142.0,buy
1500747420,45972500,0.0000949,13.37,buy
1500747418,45972498,0.00009378,0.72019489,sell
1500747418,45972497,0.0000949,10.0,sell
1500747382,45972453,0.0000949,13.37,buy
1500747355,45972418,0.0000947,13.37,buy
1500747349,45972409,0.0000948,13.37,buy
1500747342,45972398,0.0000949,13.37,buy
1500747332,45972390,0.0000949,13.37,buy
1500747324,45972384,0.0000948,13.37,buy
1500747271,45972342,0.0000949,13.37,buy
1500747266,45972338,0.00009416,167.8,sell
1500747266,45972337,0.00009443,10.0,sell
1500747266,45972336,0.00009443,10.0,sell
1500747266,45972335,0.00009443,33.62245079,sell
1500747266,45972334,0.000095,482.16702289,buy
1500747266,45972333,0.000095,33.62245079,buy
1500747265,45972332,0.0000949,1780.05381716,sell
1500747227,45972301,0.000095,13.37,buy
1500747224,45972297,0.0000949,5.0,sell
1500747222,45972296,0.0000949,695.5012664,sell
1500747220,45972293,0.000095,13.37,buy
1500747214,45972284,0.0000949,13.37,sell
1500747207,45972276,0.0000949,1.0,sell
1500747200,45972268,0.000095,13.37,buy
1500747181,45972234,0.000095,20.0,buy
1500747163,45972213,0.000095,418.9317791,buy
1500747163,45972212,0.000095,31.0682209,buy
1500747147,45972175,0.000095,538.83,buy
1500747147,45972174,0.000095,538.83,buy
1500747146,45972173,0.000095,586.42523541,buy
1500747138,45972157,0.000095,1337.0,buy
1500747137,45972149,0.000095,3.0,buy
1500747126,45972132,0.0000949,86.07491644,sell
1500747121,45972116,0.000095,5.0,buy
1500747063,45972007,0.000095,19.0,buy
1500747045,45971970,0.0000949,107.97716814,buy
1500747037,45971953,0.000095,590.6618375,buy
1500747037,45971952,0.000095,59.3381625,buy
1500746983,45971851,0.0000948,35.77872759,buy
1500746983,45971850,0.0000948,64.22127241,buy
1500746926,45971800,0.0000949,50.0,buy
1500746921,45971791,0.000095,456.42822629,buy
1500746920,45971781,0.0000949,8036.25024762,buy
1500746920,45971780,0.0000949,454.16666667,buy
1500746919,45971772,0.000095,21.07368421,buy
1500746916,45971767,0.000095,624.90491645,buy
1500746916,45971763,0.000095,19.28405909,buy
1500746916,45971762,0.0000948,64.21627658,buy
1500746861,45971703,0.0000946,10.72019489,buy
1500746814,45971615,0.000095,3559.77004614,buy
1500746814,45971614,0.000095,60.22995386,buy
1500746780,45971506,0.00009349,998.0,sell
1500746780,45971505,0.000094,2.0,sell
1500746698,45971364,0.000094,2493.87589108,buy
1500746698,45971363,0.000094,85.79902254,buy
1500746611,45971203,0.0000949,1400.0,buy
1500746598,45971167,0.000095,977.77335899,buy
1500746598,45971166,0.000095,31.07185794,buy
1500746598,45971165,0.00009497,10.0,buy
1500746598,45971164,0.00009497,10.0,buy
1500746598,45971163,0.0000948,499.0,buy
1500746598,45971162,0.000094,245.0,buy
1500746578,45971113,0.00009331,434.33736329,sell
1500746578,45971112,0.0000935,27.66064171,sell
1500746578,45971111,0.0000935,30.0,sell
1500746578,45971110,0.00009351,498.001995,sell
1500746578,45971109,0.0000941,10.0,sell
1500746578,45971092,0.0000947,10.0,buy
1500746561,45971044,0.0000948,10.0,buy
1500746523,45970955,0.00009467,498.002,buy
1500746523,45970954,0.00009465,0.00000564,buy
1500746511,45970927,0.00009465,465.95306407,buy
1500746507,45970918,0.00009465,881.04693029,buy
1500746507,45970917,0.0000946,0.00001139,buy
1500746481,45970844,0.0000946,272.14353409,buy
1500746481,45970843,0.00009459,0.00000545,buy
1500746469,45970811,0.00009459,399.99999455,buy
1500746469,45970810,0.00009459,41.71129575,buy
1500746446,45970774,0.00009414,5.0,sell
1500746431,45970764,0.00009412,1001.0,sell
1500746418,45970748,0.0000946,13.37,buy
1500746411,45970735,0.00009409,95.79902254,sell
1500746411,45970734,0.0000941,41.92767746,sell
1500746386,45970686,0.0000946,13.36999443,buy
1500746386,45970685,0.00009443,0.00000557,buy
1500746278,45970454,0.00009443,1990.72536783,buy
1500746278,45970453,0.00009443,33.12652407,buy
1500746275,45970448,0.00009443,9.2746266,buy
1500746255,45970420,0.0000946,11.11645452,buy
1500746255,45970419,0.0000946,29.48343983,buy
1500746244,45970393,0.0000946,3.37,buy
1500746244,45970392,0.00009406,10.0,buy
1500746236,45970377,0.0000936,13.37,sell
1500746223,45970346,0.0000935,137.7267,sell
1500746215,45970328,0.00009465,150.0,buy
1500746208,45970308,0.00009465,13.37,buy
1500746206,45970296,0.000094,30.48156802,buy
1500746205,45970294,0.000094,69.51843198,buy
1500746205,45970293,0.000094,30.48156801,buy
1500746179,45970226,0.0000946,1189.58933612,buy
1500746122,45970050,0.0000946,1001.54340329,buy
1500746122,45970049,0.0000943,28.45659671,buy
1500746016,45969711,0.0000947,3500.0,buy
1500746003,45969672,0.0000948,4337.53627115,buy
1500746003,45969671,0.00009477,10.0,buy
1500746003,45969670,0.00009456,10.0,buy
1500746003,45969669,0.00009452,10.0,buy
1500746003,45969668,0.00009407,14.19858621,buy
1500746003,45969667,0.00009406,10.0,buy
1500746003,45969666,0.00009375,54.87250788,buy
1500745999,45969657,0.0000923,1500.0,sell
1500745999,45969656,0.0000923,446.75103878,sell
1500745999,45969655,0.0000923,997.9002,sell
1500745999,45969654,0.0000923,499.0,sell
1500745999,45969653,0.0000925,10.0,sell
1500745999,45969652,0.0000934,10.0,sell
1500745941,45969558,0.00009396,0.1,buy
1500745877,45969473,0.00009396,943.032,buy
1500745877,45969472,0.00009386,10.0,buy
1500745877,45969471,0.00009386,10.0,buy
1500745864,45969430,0.0000937,74.44849887,buy
1500745864,45969429,0.0000937,37.72498213,buy
1500745837,45969352,0.00009369,98.954436,buy
1500745821,45969316,0.0000937,424.55150079,buy
1500745821,45969315,0.0000937,1842.0,buy
1500745821,45969314,0.00009366,10.0,buy
1500745821,45969313,0.00009363,498.002,buy
1500745821,45969312,0.00009361,98.837184,buy
1500745821,45969311,0.00009361,49.00931521,buy
1500745699,45969039,0.00009348,8.03827597,buy
1500745675,45968996,0.00009358,3.47,buy
1500745675,45968995,0.00009346,9.9,buy
1500745664,45968969,0.0000934,13.37,buy
1500745659,45968953,0.00009224,13.37,sell
1500745654,45968945,0.00009345,0.02760864,buy
1500745654,45968943,0.00009345,0.1,buy
1500745653,45968941,0.0000931,0.1,buy
1500745653,45968940,0.00009346,0.1,buy
1500745652,45968938,0.00009345,0.1,buy
1500745652,45968937,0.00009345,0.1,buy
1500745651,45968933,0.0000931,0.1,buy
1500745650,45968931,0.000093,0.1,buy
1500745650,45968930,0.000093,0.1,buy
1500745648,45968924,0.000093,0.1,buy
1500745648,45968922,0.000093,13.37,buy
1500745640,45968906,0.0000932,1.0,buy
1500745635,45968889,0.00009339,2.0,buy
1500745633,45968877,0.0000929,2.0,buy
1500745628,45968866,0.00009223,13.37,sell
1500745623,45968862,0.0000929,10.0,buy
1500745619,45968857,0.0000929,10.0,buy
1500745613,45968836,0.00009223,13.37,sell
1500745583,45968777,0.0000929,90.0,buy
1500745528,45968601,0.000093,374.06761582,buy
1500745495,45968417,0.0000934,13.37,buy
1500745483,45968377,0.00009224,13.37,sell
1500745454,45968308,0.0000931,13.37,buy
1500745390,45968131,0.00009224,13.37,sell
1500745384,45968099,0.0000931,13.37,buy
1500745375,45968055,0.00009224,13.37,sell
1500745334,45967947,0.00009301,5.0,sell
1500745334,45967946,0.00009301,5.0,sell
1500745334,45967945,0.00009301,5.0,sell
1500745334,45967944,0.00009301,5.0,sell
1500745334,45967943,0.00009301,5.0,sell
1500745334,45967942,0.00009301,6815.44242556,sell
1500745292,45967734,0.0000931,13.37,buy
1500745279,45967686,0.0000931,13.37,buy
1500745266,45967660,0.0000931,13.37,sell
1500745257,45967612,0.0000932,503.05545783,buy
1500745248,45967588,0.0000932,13.37,buy
1500745240,45967562,0.00009314,521.3631972,sell
1500745226,45967532,0.0000932,13.37,buy
1500745221,45967521,0.00009314,462.21134497,sell
1500745215,45967506,0.0000932,1702.76824034,buy
1500745210,45967495,0.00009314,13.37,sell
1500745180,45967440,0.0000932,90.0,buy
1500745169,45967408,0.0000932,13.37,buy
1500745137,45967354,0.0000932,0.1,buy
1500745118,45967328,0.0000937,2000.0,buy
1500745092,45967284,0.0000933,13.37,buy
1500745084,45967269,0.00009301,136.6772,sell
1500745084,45967268,0.00009301,1.0,sell
1500745065,45967230,0.0000933,13.37,buy
1500745036,45967167,0.0000933,13.37,buy
1500745026,45967136,0.00009359,1.37,buy
1500745023,45967131,0.0000936,1.37,sell
1500745006,45967088,0.0000933,13.7,buy
1500745004,45967084,0.0000933,13.7,buy
1500744989,45967025,0.0000934,1337.0,buy
1500744936,45966892,0.00009301,1336.0,sell
1500744936,45966891,0.0000933,1.0,sell
1500744908,45966843,0.0000933,1.37,buy
1500744903,45966831,0.0000933,1.37,buy
1500744892,45966805,0.0000934,1.37,buy
1500744888,45966798,0.00009359,1.37,buy
1500744883,45966783,0.0000937,1.37,buy
1500744855,45966723,0.0000933,1337.0,buy
1500744833,45966666,0.0000933,604.1851339,buy
1500744833,45966664,0.0000933,4100.0,buy
1500744832,45966661,0.0000933,4140.43944265,buy
1500744787,45966571,0.00009301,137.0,sell
1500744762,45966514,0.00009301,1337.0,sell
1500744747,45966487,0.0000933,360.0,sell
1500744706,45966412,0.0000933,1.337,buy
1500744700,45966400,0.0000933,1.337,buy
1500744693,45966386,0.00009301,260.0,sell
1500744687,45966372,0.0000934,1.337,buy
1500744680,45966364,0.0000932,1.337,buy
1500744671,45966349,0.0000933,0.55487674,buy
1500744662,45966328,0.0000934,2.0,buy
1500744626,45966250,0.0000936,1.120128,buy
1500744606,45966214,0.0000938,1.120128,buy
1500744600,45966209,0.00009388,5.0,buy
1500744595,45966195,0.0000939,1.120128,buy
1500744591,45966177,0.0000933,1.120128,buy
1500744585,45966168,0.0000935,1.120128,buy
1500744581,45966158,0.0000935,1.120128,buy
1500744577,45966141,0.0000935,1.120128,buy
1500744570,45966130,0.0000933,1.120128,buy
1500744547,45966074,0.0000934,10.12012848,buy
1500744503,45966005,0.00009301,10.0,sell
1500744489,45965983,0.00009301,10.0,sell
1500744482,45965971,0.00009301,25.0,sell
1500744469,45965941,0.00009301,5.0,sell
1500744467,45965940,0.00009301,5.0,sell
1500744464,45965934,0.0000936,5.0,buy
1500744451,45965925,0.0000937,5.0,buy
1500744436,45965905,0.00009301,1.44461484,sell
1500744418,45965883,0.0000935,5.0,buy
1500744413,45965872,0.0000935,561.73740133,buy
1500744391,45965819,0.0000935,5.0,buy
1500744367,45965764,0.0000936,1618.78205128,buy
1500744222,45965500,0.00009181,586.0,sell
1500744208,45965476,0.0000931,172.88979591,buy
1500744208,45965475,0.00009309,664.815,buy
1500744208,45965474,0.00009309,1.0,buy
1500744097,45965154,0.0000942,5.0,buy
1500744086,45965141,0.0000933,13.66806002,buy
1500744066,45965114,0.0000933,200.0,buy
1500744059,45965110,0.0000919,0.94,sell
1500744044,45965085,0.0000918,65.95561324,sell
1500744044,45965084,0.00009389,5.0,buy
1500744031,45965054,0.00009181,715.02578107,sell
1500744031,45965053,0.00009191,1504.308,sell
1500744031,45965052,0.00009211,1171.6288127,sell
1500744031,45965051,0.00009212,1203.262,sell
1500744031,45965050,0.00009212,1009.9,sell
1500744031,45965049,0.00009235,500.0,sell
1500744031,45965048,0.0000924,500.0,sell
1500744031,45965047,0.00009277,1000.0,sell
1500744031,45965046,0.00009301,1000.0,sell
1500744031,45965045,0.00009301,2399.76,sell
1500744031,45965044,0.00009301,200.0,sell
1500744031,45965043,0.00009329,732.11540623,sell
1500743960,45964875,0.0000935,200.0,sell
1500743960,45964874,0.000094,14.87489596,sell
1500743943,45964844,0.000094,135.2046,sell
1500743873,45964694,0.0000944,200.0,buy
1500743867,45964683,0.0000944,5.0,buy
1500743835,45964614,0.0000943,5.0,buy
1500743809,45964580,0.0000945,0.66597235,buy
1500743809,45964579,0.0000945,4.33402765,buy
1500743808,45964577,0.0000945,595.33006329,buy
1500743805,45964571,0.000094,274.92050404,buy
1500743800,45964562,0.000094,2.00790655,buy
1500743800,45964561,0.000094,1.58,buy
1500743794,45964548,0.000094,5.0,buy
1500743770,45964497,0.000094,5.0,buy
1500743747,45964462,0.000094,84.69480176,buy
1500743746,45964459,0.000094,110.0106383,sell
1500743746,45964458,0.000094,838.72665568,sell
1500743746,45964457,0.0000947,378.05949367,sell
1500743742,45964455,0.000094,1000.0,sell
1500743742,45964454,0.000094,500.0,sell
1500743737,45964448,0.0000948,5.0,buy
1500743715,45964410,0.0000947,5.0,buy
1500743693,45964385,0.0000947,5.0,buy
1500743686,45964379,0.0000946,5.0,buy
1500743678,45964373,0.0000946,5.0,buy
1500743668,45964358,0.0000946,5.0,buy
1500743661,45964354,0.0000946,5.0,buy
1500743655,45964339,0.0000946,5.0,buy
1500743645,45964331,0.0000944,5.0,buy
1500743638,45964303,0.0000944,5.0,buy
1500743632,45964257,0.0000944,5.0,buy
1500743624,45964255,0.0000945,0.95655699,buy
1500743624,45964254,0.0000945,4.04344301,buy
1500743615,45964216,0.0000945,5.0,buy
1500743602,45964194,0.0000944,5.0,buy
1500743583,45964179,0.0000944,40.0,buy
1500743544,45964122,0.000094,121.68827,sell
1500743471,45964013,0.000095,6977.64112282,buy
1500743471,45964012,0.000095,10.0,buy
1500743471,45964011,0.00009499,6905.976,buy
1500743471,45964010,0.0000948,595.33006329,buy
1500743471,45964009,0.0000947,3341.14171388,buy
1500743471,45964008,0.0000946,9163.7064414,buy
1500743453,45963985,0.0000946,836.2935586,buy
1500743452,45963982,0.0000947,130.0,buy
1500743410,45963919,0.0000946,1020.0,buy
1500743355,45963822,0.0000947,6620.0,buy
1500743332,45963802,0.0000947,0.37623755,buy
1500743304,45963720,0.000094,1000.0,sell
1500743304,45963719,0.000094,776.82909462,sell
1500743304,45963718,0.00009429,939.39774715,sell
1500743299,45963714,0.0000947,500.0,buy
1500743280,45963706,0.0000947,592.98204857,buy
1500743280,45963705,0.0000947,5013.79447815,buy
1500743278,45963703,0.0000947,5.29045164,buy
1500743259,45963693,0.0000947,4400.0,buy
1500743197,45963598,0.0000947,80.91509602,buy
1500743185,45963582,0.0000947,499.99997419,buy
1500743185,45963581,0.0000946,0.00002581,buy
1500743183,45963574,0.0000946,499.99997419,buy
1500743116,45963350,0.0000946,900.8506383,buy
1500743021,45963229,0.0000949,177.0,buy
1500742970,45963165,0.0000938,1762.7559797,buy
1500742936,45963136,0.0000938,969.06116643,buy
1500742921,45963120,0.0000938,358.61948791,buy
1500742893,45963090,0.0000938,28.60837482,buy
1500742874,45963020,0.0000938,5.209,buy
1500742859,45963011,0.0000938,787.53614072,buy
1500742855,45963005,0.0000936,925.39765285,sell
1500742855,45963004,0.0000936,74.60346818,sell
1500742839,45962976,0.0000938,300.0,buy
1500742809,45962940,0.0000936,135.2046,sell
1500742785,45962897,0.0000938,167.91891892,buy
1500742732,45962834,0.0000938,3.79076536,buy
1500742729,45962827,0.0000938,5.0,buy
1500742724,45962822,0.0000938,5.0,buy
1500742716,45962816,0.0000938,5.0,buy
1500742712,45962815,0.0000938,5.0,buy
1500742699,45962804,0.0000938,20.0,buy
1500742628,45962662,0.000094,5.0,buy
1500742627,45962661,0.000094,100.301003,buy
1500742624,45962652,0.00009329,767.88459377,sell
1500742624,45962651,0.00009353,68.38222034,sell
1500742624,45962650,0.00009353,530.39751951,sell
1500742624,45962649,0.0000937,377.74237332,sell
1500742624,45962648,0.0000937,255.59329306,sell
1500742624,45962647,0.0000937,135.2046,sell
1500742530,45962528,0.0000943,1280.0,buy
1500742513,45962514,0.0000943,1850.0,buy
1500742486,45962499,0.0000941,423.89596602,buy
1500742470,45962486,0.00009354,67.77787545,sell
1500742467,45962483,0.0000943,38.64137566,buy
1500742466,45962481,0.0000943,121.32415254,buy
1500742460,45962469,0.0000945,446.50016614,buy
1500742460,45962468,0.0000945,69.16109739,buy
1500742426,45962409,0.0000946,131.459734,buy
1500742424,45962392,0.00009334,2863.512,buy
1500742424,45962388,0.00009351,8000.0,sell
1500742424,45962387,0.00009354,3136.488,sell
1500742403,45962354,0.00009334,377.74237332,buy
1500742403,45962353,0.00009349,3775.202,sell
1500742403,45962352,0.00009349,71.26962668,sell
1500742403,45962351,0.00009349,2000.0,sell
1500742403,45962350,0.00009384,4027.396,sell
1500742403,45962349,0.00009385,3748.39,sell
1500742348,45962247,0.0000948,3.46645569,buy
1500742345,45962240,0.0000948,5.0,buy
1500742343,45962236,0.0000947,5.0,buy
1500742341,45962235,0.0000947,5.0,buy
1500742339,45962233,0.0000947,5.0,buy
1500742336,45962221,0.0000947,5.0,buy
1500742333,45962208,0.0000947,5.0,buy
1500742329,45962202,0.0000947,5.0,buy
1500742323,45962182,0.0000947,1.0,buy
1500742318,45962173,0.0000947,1.0,buy
1500742315,45962161,0.0000947,1.0,buy
1500742300,45962137,0.0000947,1.0,buy
1500742231,45962007,0.0000949,63.0378595,buy
1500742231,45962006,0.0000944,36.9621405,buy
1500742222,45961950,0.0000944,297.47597009,buy
1500742221,45961947,0.0000939,262.48697407,buy
1500742198,45961884,0.0000939,2465.44829287,buy
1500742198,45961883,0.0000939,1497.0,buy
1500742198,45961882,0.0000939,20.92470713,buy
1500742149,45961729,0.0000939,494.7365564,buy
1500742149,45961728,0.0000938,236.9464436,buy
1500742147,45961716,0.0000938,4071.172,buy
1500742121,45961680,0.0000938,1001.4392324,buy
1500742090,45961642,0.00009303,1000.0,sell
1500742090,45961641,0.00009315,1000.0,sell
1500742035,45961547,0.0000938,1636.362324,buy
1500741879,45961315,0.0000931,85.0,sell
1500741879,45961314,0.00009311,915.0,sell
1500741872,45961301,0.0000939,100.0,buy
1500741800,45961226,0.00009302,1000.0,sell
1500741798,45961220,0.00009301,134.06236549,sell
1500741794,45961217,0.0000938,1783.95129957,buy
1500741794,45961216,0.00009351,134.10680599,buy
1500741794,45961215,0.00009331,110.04489444,buy
1500741794,45961214,0.00009351,865.89319401,buy
1500741794,45961213,0.00009331,1000.0,buy
1500741794,45961212,0.00009331,55.02244722,buy
1500741794,45961211,0.00009305,8.15435334,buy
1500741794,45961210,0.00009301,0.00000543,buy
1500741772,45961169,0.00009281,93.609866,sell
1500741745,45961137,0.00009279,2200.0,sell
1500741741,45961133,0.00009301,999.99999457,buy
1500741741,45961132,0.00009301,1399.35,buy
1500741741,45961131,0.00009301,381.32857794,buy
1500741728,45961115,0.00009301,71.90624664,buy
1500741727,45961113,0.00009301,12.29237379,buy
1500741725,45961109,0.00009301,12.25628355,buy
1500741723,45961105,0.00009301,12.21651808,buy
1500741723,45961104,0.00009301,100.0,buy
1500741709,45961065,0.00009298,0.43778786,sell
1500741709,45961064,0.000093,164.7954,sell
1500741709,45961063,0.00009301,590.0,sell
1500741688,45961029,0.00009301,30.0,sell
1500741683,45961023,0.00009302,30.0,sell
1500741680,45961007,0.00009302,30.0,sell
1500741673,45961002,0.00009301,30.0,sell
1500741666,45960992,0.00009301,30.0,sell
1500741654,45960986,0.00009301,30.0,sell
1500741653,45960983,0.00009301,30.0,sell
1500741651,45960982,0.00009301,30.0,sell
1500741646,45960974,0.00009301,30.0,sell
1500741579,45960885,0.00009338,798.2874932,buy
1500741537,45960823,0.00009353,199.70799892,buy
1500741537,45960822,0.00009353,0.29200108,buy
1500741483,45960764,0.000093,135.2046,sell
1500741421,45960703,0.000093,497.84790703,buy
1500741358,45960637,0.000093,0.15666667,buy
1500741302,45960594,0.000093,0.9954263,buy
1500741302,45960593,0.000093,0.0045737,buy
1500741254,45960567,0.00009214,100.0,sell
1500741199,45960525,0.00009298,6.0244243,buy
1500741199,45960524,0.00009298,0.9755757,buy
1500741137,45960445,0.00009298,330.13252184,buy
1500741137,45960444,0.00009295,0.00508648,buy
1500741132,45960437,0.00009295,498.99491352,buy
1500741122,45960414,0.000093,1423.1154263,buy
1500741122,45960412,0.000093,14.0,sell
1500740656,45959817,0.000093,51.45100376,buy
1500740656,45959816,0.000093,1.9311672,buy
1500740651,45959809,0.000093,1171.6398328,buy
1500740651,45959808,0.000093,1.9311672,buy
1500740570,45959672,0.0000922,312.56935132,sell
1500740509,45959524,0.00009211,8.3711873,sell
1500740489,45959469,0.000092,130.65450402,sell
1500740489,45959468,0.0000921,11033.0,sell
1500740384,45959307,0.000093,1864.7954,buy
1500740344,45959210,0.0000925,135.2046,sell
1500740327,45959170,0.0000921,25.0,sell
1500740318,45959148,0.000093,10.0,buy
1500740315,45959144,0.000092,69.91749683,sell
1500740315,45959143,0.0000922,80.06250317,sell
1500740300,45959132,0.000093,4.11376344,buy
1500740295,45959126,0.000093,6.0,buy
1500740291,45959111,0.000093,6.0,buy
1500740277,45959079,0.000093,350.0,buy
1500740242,45958937,0.000093,276.38978829,buy
1500740173,45958770,0.0000931,57.14285714,buy
1500740173,45958768,0.0000931,71.02040816,buy
1500740130,45958658,0.0000932,1.0,buy
1500740112,45958626,0.0000931,302.48056502,buy
1500740112,45958625,0.0000931,360.0,buy
1500740066,45958484,0.0000935,80.0,buy
1500740051,45958426,0.0000933,128.30835117,buy
1500739890,45958022,0.0000933,6.17237687,buy
1500739769,45957670,0.00009297,22.31177883,sell
1500739769,45957669,0.0000937,1151.63060932,sell
1500739689,45957421,0.0000937,8.36939068,sell
1500739566,45957278,0.00009297,6.81643913,sell
1500739556,45957265,0.000094,936.0,buy
1500739507,45957195,0.000094,3.0,buy
1500739485,45957157,0.000094,1714.7754406,buy
1500739456,45957121,0.000094,10.0,buy
1500739440,45957102,0.0000943,1739.1464406,buy
1500739440,45957101,0.00009367,1.35411146,buy
1500739440,45957100,0.00009367,100.0,buy
1500739398,45957068,0.0000937,10954.84034878,buy
1500739398,45957067,0.0000933,5.41644586,buy
1500739398,45957066,0.000093,214.47784947,buy
1500739373,45957044,0.000093,5.51215053,buy
1500739368,45957041,0.000093,10.0,buy
1500739365,45957039,0.0000937,5.15965122,buy
1500739365,45957038,0.0000933,4.84034878,buy
1500739361,45957031,0.0000932,10.0,buy
1500739359,45957028,0.0000932,10.0,buy
1500739355,45957023,0.0000936,5.15965122,buy
1500739355,45957022,0.0000933,4.84034878,buy
1500739351,45957015,0.0000932,10.0,buy
1500739345,45957010,0.0000932,180.0,buy
1500739342,45956998,0.0000932,10000.0,buy
1500739339,45956993,0.0000933,10.0,buy
1500739335,45956986,0.0000932,10.0,buy
1500739331,45956984,0.0000933,10.0,buy
1500739326,45956973,0.0000934,10.0,buy
1500739319,45956965,0.0000934,8.0,buy
1500739311,45956951,0.0000933,50.0,buy
1500739303,45956945,0.0000937,40.0,buy
1500739303,45956944,0.00009359,200.0,buy
1500739303,45956943,0.0000935,60.0,buy
1500739209,45956886,0.0000929,129.2702,sell
1500739200,45956867,0.0000936,146.77310082,buy
1500739200,45956866,0.0000934,3.22689918,buy
1500739118,45956766,0.0000929,264.29421344,sell
1500739118,45956765,0.000093,2.465487,sell
1500739023,45956645,0.0000929,129.2702,sell
1500739014,45956633,0.0000937,492.66364606,sell
1500738918,45956551,0.0000937,4999.7,buy
1500738902,45956539,0.0000937,26.0,buy
1500738795,45956374,0.0000937,438.0,buy
1500738599,45956016,0.0000934,120.20877068,buy
1500738501,45955890,0.0000933,262.8921925,buy
1500738459,45955824,0.000093,2634.38754169,buy
1500738391,45955744,0.00009254,8399.5168196,buy
1500738391,45955743,0.00009254,1118.23645585,buy
1500738390,45955742,0.000093,212.07526882,sell
1500738352,45955704,0.0000937,100.0,buy
1500738348,45955694,0.0000938,3500.0,buy
1500738296,45955608,0.0000936,2941.89429695,sell
1500738273,45955548,0.0000936,2958.10570305,sell
1500738273,45955547,0.0000936,32.78090595,sell
1500738217,45955389,0.00009389,23.0,buy
1500738143,45955281,0.0000942,929.66278882,buy
1500738071,45955200,0.0000931,0.1,sell
1500738054,45955189,0.0000936,2472.31205565,sell
1500737947,45955096,0.00009404,0.06019462,sell
1500737924,45955079,0.00009404,868.66960538,sell
1500737883,45955033,0.00009404,129.2702,sell
1500737772,45954934,0.00009321,400.4,sell
1500737682,45954865,0.00009417,0.9,buy
1500737465,45954718,0.0000943,10.0,buy
1500737437,45954683,0.0000943,620.0,buy
1500737413,45954672,0.0000943,50.0,buy
1500737320,45954572,0.0000934,25.10508594,buy
1500737319,45954570,0.0000934,25.09635974,buy
1500737316,45954564,0.0000935,357.18739316,buy
1500737259,45954519,0.0000943,0.4,buy
1500737253,45954514,0.00009326,599.75344838,sell
1500737183,45954430,0.00009307,511.199,sell
1500737183,45954429,0.00009311,7489.251,sell
1500737140,45954367,0.0000943,1215.57432432,buy
1500737140,45954366,0.0000942,620.0,buy
1500737137,45954361,0.00009282,147.0,sell
1500737049,45954149,0.000094,4.0,buy
1500737027,45954099,0.000094,666.33988614,sell
1500737003,45954044,0.0000939,7016.42644118,buy
1500737003,45954043,0.0000939,2983.57355882,buy
1500736995,45954011,0.00009338,848.0,sell
1500736995,45954010,0.00009338,4381.42312727,sell
1500736995,45954009,0.00009338,490.95941315,sell
1500736990,45954001,0.00009338,590.0,sell
1500736974,45953977,0.0000939,24.54285206,buy
1500736952,45953942,0.0000939,3.0,buy
1500736949,45953941,0.0000939,145.0,buy
1500736872,45953841,0.00009338,855.577693,buy
1500736871,45953836,0.00009338,26.66488182,buy
1500736871,45953835,0.00009338,855.57769254,buy
1500736871,45953834,0.00009249,895.99674794,buy
1500736870,45953831,0.00009249,4120.23808411,buy
1500736867,45953821,0.00009249,100.0,buy
1500736855,45953778,0.00009249,164.0,buy
1500736854,45953773,0.00009249,500.0,buy
1500736850,45953768,0.00009249,500.0,buy
1500736848,45953766,0.00009249,500.0,buy
1500736842,45953761,0.00009249,0.20040918,buy
1500736790,45953677,0.00009165,2662.0,buy
1500736743,45953621,0.00009168,129.2702,sell
1500736683,45953519,0.0000924,6780.43524123,buy
1500736668,45953498,0.0000924,6979.0,buy
1500736638,45953448,0.0000924,3000.0,buy
1500736636,45953447,0.0000924,6780.43524123,buy
1500736564,45953342,0.00009249,14377.53821544,buy
1500736519,45953286,0.0000924,14377.66186868,buy
1500736519,45953285,0.0000923,0.000005,buy
1500736491,45953230,0.000092,2785.09671291,sell
1500736486,45953226,0.000092,369.0,sell
1500736463,45953201,0.0000923,3219.02816402,buy
1500736463,45953200,0.0000923,3771.97183098,buy
1500736354,45953087,0.00009249,1565.66442052,buy
1500736354,45953086,0.00009249,296.23,buy
1500736350,45953073,0.00009249,1862.26684076,buy
1500736349,45953072,0.00009249,779.62297092,buy
1500736348,45953065,0.00009249,1309.8320345,buy
1500736347,45953062,0.00009194,50.0,sell
1500736347,45953057,0.00009249,4261.54390022,buy
1500736346,45953051,0.00009249,122.32574189,buy
1500736346,45953049,0.00009249,18599.42608224,buy
1500736346,45953048,0.00009249,341.34455228,buy
1500736334,45953033,0.0000942,200.0,buy
1500736252,45952909,0.00009163,296.23,sell
1500736252,45952908,0.00009224,5697.77,sell
1500736137,45952755,0.000092,6522.2900402,buy
1500736100,45952640,0.000092,25.0,buy
1500736062,45952576,0.000092,10914.70173913,buy
1500736044,45952547,0.000092,2582.90602427,buy
1500735989,45952457,0.000092,7512.582,buy
1500735987,45952441,0.000092,6975.969,buy
1500735984,45952432,0.000092,7139.286,buy
1500735938,45952343,0.000092,449.94427,buy
1500735934,45952341,0.000092,224.97615,buy
1500735933,45952331,0.00009271,337.49595,sell
1500735933,45952330,0.00009272,7108.178,sell
1500735933,45952329,0.00009272,44.2808264,sell
1500735870,45952240,0.00009161,43842.61259436,sell
1500735870,45952239,0.000092,24084.32030564,sell
1500735870,45952238,0.000092,3891.5641,sell
1500735870,45952237,0.0000921,10000.0,sell
1500735870,45952236,0.0000924,7302.603,sell
1500735870,45952235,0.0000925,10878.9,sell
1500735861,45952224,0.000092,11915.67969436,sell
1500735861,45952223,0.000092,20094.68078176,sell
1500735861,45952222,0.000092,3079.0,sell
1500735861,45952221,0.000092,4768.26086957,sell
1500735861,45952220,0.000092,145.0,sell
1500735861,45952219,0.000092,245.0,sell
1500735861,45952218,0.0000921,10000.0,sell
1500735861,45952217,0.0000921,29734.2,sell
1500735861,45952216,0.00009228,8000.0,sell
1500735861,45952215,0.00009228,482.54215431,sell
1500735861,45952214,0.00009228,100.0,sell
1500735861,45952213,0.00009237,3876.3925,sell
1500735861,45952212,0.00009238,7559.244,sell
1500735833,45952171,0.0000923,81192.97692138,sell
1500735833,45952170,0.0000923,681.11550119,sell
1500735833,45952169,0.00009248,100.0,sell
1500735833,45952168,0.0000925,10000.0,sell
1500735833,45952167,0.00009336,154.44,sell
1500735833,45952166,0.00009347,616.73322727,sell
1500735833,45952165,0.00009348,7209.279,sell
1500735833,45952164,0.00009348,45.45535016,sell
1500735829,45952155,0.0000947,5.0,buy
1500735791,45952116,0.00009344,91.46965476,sell
1500735791,45952115,0.0000937,100.0,sell
1500735791,45952114,0.0000937,100.0,sell
1500735789,45952105,0.0000947,50.0,buy
1500735780,45952097,0.0000947,50.0,buy
1500735759,45952069,0.0000947,200.0,buy
1500735737,45952038,0.0000948,1359.93467628,buy
1500735737,45952037,0.0000946,40.06532372,buy
1500735730,45952023,0.0000946,2892.0228513,buy
1500735730,45952022,0.0000944,607.9771487,buy
1500735660,45951924,0.0000944,0.16246328,buy
1500735625,45951864,0.0000945,100.0,buy
1500735609,45951849,0.0000937,129.2702,sell
1500735539,45951794,0.0000944,181.03038802,buy
1500735522,45951767,0.0000944,400.0,buy
1500735497,45951731,0.00009376,79.0,sell
1500735497,45951730,0.0000938,21.0,sell
1500735454,45951684,0.0000947,41.99563245,buy
1500735408,45951646,0.0000948,1500.0,buy
1500735387,45951636,0.0000948,1.75200421,buy
1500735385,45951635,0.0000948,2.0,buy
1500735384,45951634,0.0000948,2.0,buy
1500735382,45951632,0.0000948,2.0,buy
1500735367,45951619,0.0000947,20.0,buy
1500735365,45951614,0.0000947,28.05027799,buy
1500735360,45951599,0.0000947,2.0,buy
1500735358,45951594,0.0000947,2.0,buy
1500735356,45951593,0.0000947,2.0,buy
1500735354,45951590,0.0000947,2.0,buy
1500735352,45951587,0.0000947,2.0,buy
1500735350,45951585,0.0000946,2.0,buy
1500735349,45951582,0.0000946,2.0,buy
1500735347,45951581,0.0000946,2.0,buy
1500735337,45951569,0.0000946,15.0,buy
1500735297,45951539,0.0000946,2528.02777299,buy
1500735297,45951538,0.0000946,21.97222701,buy
1500735203,45951439,0.0000948,186.08797527,buy
1500735203,45951438,0.00009428,100.0,buy
1500735203,45951437,0.00009428,13.91202473,buy
1500734936,45951118,0.0000937,141.60846654,buy
1500734872,45951043,0.00009358,178.81741541,sell
1500734777,45950943,0.00009358,20.0,buy
1500734572,45950676,0.0000925,105.0,sell
1500734543,45950623,0.000094,205.0,buy
1500734522,45950601,0.0000942,1389.67905405,buy
1500734484,45950530,0.0000926,200.0,sell
1500734480,45950524,0.00009417,446.93625533,buy
1500734473,45950511,0.00009426,194.80445581,buy
1500734473,45950510,0.00009426,0.19554419,buy
1500734464,45950499,0.000093,1.0,buy
1500734440,45950441,0.000093,603.07867,sell
1500734332,45950194,0.0000944,56.33808183,buy
1500734284,45950025,0.000093,129.2702,sell
1500734279,45950007,0.00009202,3928.89228817,sell
1500734279,45950006,0.0000921,10000.0,sell
1500734279,45950005,0.0000926,715.46138648,sell
1500734279,45950004,0.0000926,1430.7797,sell
1500734279,45950003,0.000093,1290.54,sell
1500734279,45950002,0.000093,227.0,sell
1500734279,45950001,0.000093,520.59491,sell
1500734279,45950000,0.000093,19.33171535,sell
1500734245,45949881,0.000093,87.91883129,sell
1500734245,45949880,0.0000934,29.15534104,sell
1500734245,45949879,0.00009424,26.92582767,sell
1500734232,45949808,0.00009438,19.22485175,sell
1500734229,45949798,0.00009438,80.25725789,sell
1500734139,45949285,0.0000945,8344.68640356,buy
1500734111,45949139,0.0000947,8886.058766,buy
1500734075,45949040,0.0000947,1000.0,buy
1500733848,45948515,0.0000947,5555.95341394,buy
1500733813,45948471,0.0000949,8800.0,buy
1500733803,45948463,0.0000947,2.0,buy
1500733758,45948419,0.0000949,1980.0,buy
1500733647,45948293,0.0000949,4.18714438,buy
1500733611,45948263,0.00009438,1274.71,sell
1500733604,45948257,0.00009438,10.0,sell
1500733593,45948246,0.00009438,5.0,sell
1500733547,45948197,0.000095,1.45042105,buy
1500733547,45948196,0.000095,1.52518053,buy
1500733547,45948195,0.000095,1.3093174,buy
1500733546,45948194,0.000095,1.12418911,buy
1500733546,45948193,0.000095,0.96538998,buy
1500733545,45948192,0.000095,0.82915068,buy
1500733545,45948190,0.000095,0.71224559,buy
1500733524,45948162,0.000095,3.42665299,buy
1500733522,45948161,0.0000951,2.16790051,buy
1500733521,45948160,0.0000951,1.86167024,buy
1500733521,45948156,0.00009519,1.59894467,buy
1500733520,45948155,0.00009519,1.3735034,buy
1500733512,45948147,0.00009529,249.53712877,buy
1500733512,45948146,0.00009522,18.31224751,buy
1500733512,45948145,0.000095,10.0,buy
1500733512,45948144,0.0000949,2.30513855,buy
1500733455,45948105,0.000095,5.9088421,buy
1500733454,45948104,0.000095,7.44164163,buy
1500733453,45948103,0.000095,6.39145051,buy
1500733452,45948102,0.000095,5.49029569,buy
1500733435,45948086,0.000095,35.14897132,buy
1500733434,45948085,0.000095,30.16919476,buy
1500733434,45948084,0.000095,25.89926303,buy
1500733433,45948083,0.000095,22.23728904,buy
1500733433,45948082,0.000095,19.0961251,buy
1500733433,45948080,0.000095,16.40121153,buy
1500733432,45948079,0.000095,14.08874258,buy
1500733412,45948063,0.00009424,100.0,sell
1500733389,45948024,0.00009476,140.80141772,sell
1500733389,45948023,0.00009509,169.85147589,buy
1500733389,45948022,0.00009509,40.21267386,buy
1500733371,45948000,0.00009476,103.09311133,sell
1500733371,45947999,0.00009476,96.90688867,sell
1500733339,45947946,0.00009465,100.0,sell
1500733338,45947945,0.00009475,0.02590219,sell
1500733338,45947942,0.00009475,103.97409781,sell
1500733338,45947941,0.00009475,30.12488911,sell
1500733338,45947940,0.00009476,0.40101308,sell
1500733308,45947907,0.0000952,288.02529392,buy
1500733300,45947900,0.00009475,669.22912782,sell
1500733300,45947899,0.0000948,18.33057809,sell
1500733300,45947898,0.0000948,50.0,sell
1500733300,45947897,0.0000948,310.9897952,sell
1500733300,45947896,0.00009481,3.67049889,sell
1500733299,45947894,0.0000948,689.0102048,sell
1500733299,45947893,0.00009481,15.3148402,sell
1500733243,45947809,0.00009483,6683.824955,sell
1500733166,45947689,0.0000952,1101.40283316,buy
1500733146,45947666,0.00009482,129.2702,sell
1500733089,45947586,0.0000953,0.1,buy
1500733072,45947561,0.00009482,0.1,sell
1500733067,45947556,0.00009536,2924.960774,buy
1500733066,45947555,0.00009536,1369.10365229,buy
1500733066,45947554,0.00009506,0.00000571,buy
1500733064,45947549,0.00009506,2924.96076877,buy
1500733063,45947538,0.00009506,5671.31412893,buy
1500733061,45947535,0.00009506,1888.40854107,buy
1500733059,45947528,0.00009506,7777.0,buy
1500733005,45947489,0.00009506,31.16580725,buy
1500732997,45947480,0.00009506,1000.0,buy
1500732956,45947443,0.00009506,375.30538762,buy
1500732930,45947421,0.000095,100.0,buy
1500732930,45947420,0.000095,26.50180317,buy
1500732861,45947350,0.000095,207.3891442,buy
1500732831,45947332,0.000095,135.10905263,buy
1500732747,45947262,0.00009475,0.64598308,sell
1500732729,45947246,0.00009475,110.12073602,buy
1500732729,45947245,0.00009454,3000.0,buy
1500732729,45947244,0.00009454,247.37612074,buy
1500732727,45947243,0.00009454,700.0,buy
1500732710,45947224,0.00009454,1110.34482758,buy
1500732708,45947220,0.00009454,290.61772794,buy
1500732697,45947188,0.00009454,1047.47196434,buy
1500732697,45947185,0.00009454,54.46371906,buy
1500732695,45947179,0.00009454,1102.67611592,buy
1500732694,45947172,0.00009454,31.6184388,buy
1500732694,45947169,0.00009454,2124.4446795,buy
1500732693,45947161,0.00009454,374.60333734,buy
1500732689,45947147,0.00009454,4641.49397679,buy
1500732677,45947113,0.00009454,17.0,buy
1500732676,45947100,0.00009454,3211.11201396,buy
1500732640,45947055,0.00009454,281.77819393,buy
1500732600,45947010,0.00009454,325.0,buy
1500732584,45946979,0.00009454,1115.0,buy
1500732573,45946968,0.00009454,200.0,buy
1500732557,45946941,0.00009454,5000.0,buy
1500732544,45946907,0.00009454,3973.24525706,buy
1500732544,45946906,0.00009417,26.75474294,buy
1500732525,45946862,0.00009417,0.35041949,buy
1500732525,45946861,0.00009417,0.00000525,buy
1500732525,45946860,0.00009417,908.97236793,buy
1500732524,45946856,0.00009417,1721.29128172,buy
1500732523,45946851,0.00009417,1714.64372942,buy
1500732522,45946837,0.00009417,11614.35262204,buy
1500732519,45946833,0.00009417,1710.14122823,buy
1500732518,45946830,0.00009417,489.44780715,buy
1500732518,45946829,0.00009417,7442.588995,buy
1500732518,45946828,0.000094,0.000005,buy
1500732516,45946821,0.000094,99.999995,buy
1500732516,45946820,0.000094,142.0,buy
1500732516,45946819,0.000094,225.0,buy
1500732516,45946815,0.00009384,1932.183685,buy
1500732515,45946808,0.00009384,3680.27096852,buy
1500732514,45946796,0.00009384,6772.94619072,buy
1500732514,45946793,0.00009384,982.26957911,buy
1500732513,45946790,0.00009384,1932.65064465,buy
1500732494,45946748,0.00009384,2028.631971,buy
1500732484,45946707,0.00009384,178.14505659,buy
1500732471,45946686,0.00009384,771.53797354,buy
1500732469,45946679,0.00009384,1304.0059676,buy
1500732456,45946656,0.00009355,2191.71983367,buy
1500732416,45946593,0.00009355,569.51847463,buy
1500732382,45946548,0.00009354,2144.87181954,sell
1500732318,45946415,0.00009354,400.0,sell
1500732287,45946362,0.00009355,245.0,buy
1500732262,45946310,0.00009355,1461.93429943,buy
1500732231,45946232,0.00009355,8630.0,buy
1500732167,45946038,0.00009355,100.16032492,buy
1500732159,45946029,0.00009355,4.30525914,buy
1500732092,45945928,0.00009355,0.81,buy
1500732040,45945867,0.00009355,902.04147071,buy
1500732033,45945855,0.00009355,3000.0,buy
1500732016,45945836,0.00009355,2852.46106996,buy
1500732014,45945829,0.00009355,1001.12227447,buy
1500732006,45945813,0.0000934,129.2702,sell
1500731995,45945781,0.0000934,32.30425896,sell
1500731973,45945745,0.00009355,7250.0,buy
1500731938,45945695,0.00009355,2976.67806755,buy
1500731919,45945655,0.00009355,2.0,buy
1500731906,45945633,0.0000935,3405.8581422,buy
1500731897,45945613,0.0000935,216.97326203,buy
1500731851,45945549,0.0000935,1139.87165775,buy
1500731845,45945544,0.0000935,2223.88834224,buy
1500731845,45945543,0.00009345,282.24,buy
1500731823,45945517,0.0000934,129.2702,sell
1500731819,45945513,0.00009345,24.0,buy
1500731763,45945431,0.00009345,315.16,buy
1500731763,45945430,0.00009345,109.84,buy
1500731736,45945375,0.00009345,150.0,buy
1500731582,45945170,0.0000928,10000.0,buy
1500731576,45945155,0.0000935,2012.40859578,buy
1500731576,45945154,0.00009349,382.49211526,buy
1500731576,45945153,0.00009347,113.802034,buy
1500731576,45945152,0.0000934,31758.2,buy
1500731576,45945151,0.00009338,382.86567294,buy
1500731576,45945150,0.00009312,30525.77211122,buy
1500731576,45945149,0.000093,125.0,buy
1500731576,45945148,0.000093,260.0,buy
1500731576,45945147,0.00009298,200.0,buy
1500731576,45945146,0.00009287,204.50674247,buy
1500731576,45945145,0.00009286,7209.279,buy
1500731576,45945144,0.00009266,10000.0,buy
1500731576,45945143,0.00009266,1007.0,buy
1500731576,45945142,0.00009266,15818.67372833,buy
1500731552,45945095,0.00009266,102.89774196,buy
1500731532,45945075,0.00009266,1692.76224908,buy
1500731508,45945053,0.00009266,300.0,buy
1500731501,45945032,0.00009266,231.152204,buy
1500731499,45945027,0.00009266,1001.21951218,buy
1500731322,45944773,0.00009266,102.35199147,buy
1500731305,45944721,0.00009266,6490.0,buy
1500731275,45944619,0.00009266,300.0,buy
1500731210,45944524,0.00009266,1762.9166963,buy
1500731206,45944520,0.0000926,11642.6,buy
1500731182,45944489,0.00009222,7260.79674222,buy
1500731175,45944477,0.00009222,19173.39827751,buy
1500731175,45944476,0.000092,350.0,buy
1500731175,45944475,0.000092,421.4898255,buy
1500731175,45944474,0.000092,440.0,buy
1500731175,45944473,0.00009194,7260.79674222,buy
1500731158,45944446,0.00009194,27645.68484523,buy
1500731152,45944443,0.00009194,1800.0,buy
1500731091,45944334,0.00009194,434.378444,buy
1500731068,45944279,0.00009194,62859.13996855,buy
1500731068,45944278,0.00009184,10071.84246809,buy
1500731060,45944268,0.00009184,7411.481,buy
1500731041,45944238,0.00009184,292.730549,buy
1500731039,45944233,0.00009184,803.51698606,buy
1500731020,45944217,0.00009184,4337.472099,buy
1500731020,45944216,0.0000918,217.14,buy
1500731020,45944215,0.00009162,15.147901,buy
1500731018,45944213,0.00009162,5034.311,buy
1500730997,45944174,0.00009162,204.91657562,buy
1500730990,45944162,0.00009162,0.37383075,buy
1500730984,45944158,0.00009162,1.1,buy
1500730977,45944138,0.00009162,1.1,buy
1500730971,45944119,0.00009162,1276.79,buy
1500730909,45944007,0.00009162,14552.76820515,buy
1500730882,45943968,0.00009162,10.0,buy
1500730877,45943965,0.00009162,500.0,buy
1500730858,45943914,0.0000912,0.00000559,buy
1500730857,45943912,0.0000912,1421.35411312,buy
1500730856,45943906,0.0000912,1542.88376677,buy
1500730855,45943903,0.0000912,1541.28288889,buy
1500730855,45943901,0.0000912,6.64797851,buy
1500730855,45943900,0.0000912,1539.57236337,buy
1500730855,45943896,0.0000912,1539.57236337,buy
1500730854,45943890,0.0000912,1539.51753854,buy
1500730852,45943885,0.0000912,1001.41447368,buy
1500730847,45943864,0.0000912,1322.0,buy
1500730836,45943846,0.0000912,1322.0,buy
1500730815,45943811,0.0000912,1984.728527,buy
1500730808,45943790,0.00009115,100.0,sell
1500730806,45943783,0.0000912,361.01102418,buy
1500730794,45943753,0.0000912,1.2,buy
1500730771,45943716,0.0000912,5800.0,buy
1500730759,45943701,0.0000912,0.89135846,buy
1500730759,45943694,0.0000912,30.0,buy
1500730723,45943659,0.0000912,14676.78972748,buy
1500730695,45943639,0.0000912,4.71159317,buy
1500730681,45943620,0.0000912,3.8,buy
1500730657,45943576,0.0000912,308.409356,buy
1500730605,45943523,0.0000912,5000.0,buy
1500730580,45943480,0.0000912,10912.14868421,buy
1500730570,45943451,0.0000912,380.0,buy
1500730533,45943333,0.0000912,1.0,buy
1500730533,45943331,0.0000912,1.0,buy
1500730532,45943328,0.0000912,1.0,buy
1500730532,45943324,0.0000912,1.0,buy
1500730531,45943323,0.0000912,1.0,buy
1500730531,45943321,0.0000912,1.0,buy
1500730530,45943320,0.0000912,1.0,buy
1500730529,45943319,0.0000912,1.0,buy
1500730529,45943317,0.0000912,1.0,buy
1500730527,45943313,0.0000912,1.0,buy
1500730526,45943310,0.0000912,1.0,buy
1500730526,45943305,0.0000912,1.0,buy
1500730526,45943303,0.0000912,1.0,buy
1500730524,45943295,0.0000912,1.0,buy
1500730524,45943283,0.0000912,1.0,buy
1500730523,45943277,0.0000912,1.0,buy
1500730522,45943272,0.0000912,1.0,buy
1500730521,45943271,0.0000912,1.0,buy
1500730521,45943270,0.0000912,1.0,buy
1500730521,45943269,0.0000912,1.0,buy
1500730521,45943268,0.0000912,1.0,buy
1500730520,45943264,0.0000912,1.0,buy
1500730520,45943262,0.0000912,1.0,buy
1500730520,45943258,0.0000912,1.0,buy
1500730520,45943257,0.0000912,1.0,buy
1500730519,45943254,0.0000912,1.0,buy
1500730519,45943253,0.0000912,1.0,buy
1500730518,45943249,0.0000912,1.0,buy
1500730518,45943248,0.0000912,1.0,buy
1500730517,45943240,0.0000912,1.0,buy
1500730516,45943239,0.0000912,1.0,buy
1500730516,45943236,0.0000912,1.0,buy
1500730514,45943221,0.0000912,1.0,buy
1500730514,45943219,0.0000912,1.0,buy
1500730514,45943218,0.0000912,1.0,buy
1500730513,45943212,0.0000912,1.0,buy
1500730510,45943188,0.0000912,1.0,buy
1500730510,45943186,0.0000912,1.0,buy
1500730509,45943176,0.0000912,1.0,buy
1500730509,45943173,0.0000912,1.0,buy
1500730509,45943171,0.0000912,1.0,buy
1500730508,45943164,0.0000912,1.0,buy
1500730508,45943163,0.0000912,1.0,buy
1500730507,45943160,0.0000912,1.0,buy
1500730506,45943158,0.0000912,1.0,buy
1500730504,45943155,0.0000912,1.0,buy
1500730502,45943153,0.0000912,1.0,buy
1500730501,45943149,0.0000912,1.0,buy
1500730501,45943148,0.0000912,1.0,buy
1500730501,45943147,0.0000912,1.0,buy
1500730500,45943139,0.0000912,1.0,buy
1500730499,45943138,0.0000912,1.0,buy
1500730499,45943137,0.0000912,1.0,buy
1500730498,45943136,0.0000912,1.0,buy
1500730497,45943135,0.0000912,1.0,buy
1500730497,45943134,0.0000912,25.119399,buy
1500730495,45943128,0.0000912,1.0,buy
1500730463,45943053,0.0000912,44.45234708,buy
1500730458,45943049,0.0000912,3573.26118421,buy
1500730276,45942665,0.0000912,310.42763157,buy
1500730240,45942570,0.0000912,204.71186375,buy
1500730211,45942488,0.0000912,411.48026315,buy
1500730197,45942443,0.0000912,1526.65165166,buy
1500730138,45942284,0.0000912,2002.12712713,buy
1500730099,45942203,0.0000912,2400.0,buy
1500729993,45941990,0.0000912,5.0,buy
1500729993,45941989,0.0000912,1.0,buy
1500729978,45941961,0.0000912,4300.0,buy
1500729902,45941856,0.0000912,25.0,buy
1500729876,45941800,0.0000912,100.0,buy
1500729865,45941765,0.0000912,25.0,buy
1500729833,45941675,0.0000912,157.49484376,buy
1500729824,45941662,0.0000912,50.0,buy
1500729772,45941528,0.0000912,2148.73328592,buy
1500729729,45941417,0.0000912,4513.52639062,buy
1500729727,45941402,0.0000912,1802.52506625,buy
1500729727,45941401,0.0000912,157.69360342,buy
1500729725,45941394,0.0000912,10568.00343644,buy
1500729724,45941391,0.0000912,1501.50150151,buy
1500729719,45941387,0.0000912,2008.04824561,buy
1500729704,45941337,0.00009107,154.70642834,buy
1500729704,45941336,0.00009107,8325.28829239,buy
1500729702,45941326,0.00009107,750.82902703,buy
1500729697,45941312,0.00009107,658.12012213,buy
1500729696,45941301,0.00009107,750.89491092,buy
1500729695,45941298,0.00009107,1000.0,buy
1500729694,45941290,0.00009107,9786.37754548,buy
1500729680,45941261,0.00009107,1350.0,buy
1500729600,45941038,0.000091,1.0,sell
1500729568,45940995,0.000091,225.0,buy
1500729568,45940994,0.000091,2708.53861352,buy
1500729567,45940992,0.000091,2032.86094505,buy
1500729567,45940990,0.000091,3664.31707918,buy
1500729554,45940883,0.000091,632.74725274,buy
1500729552,45940876,0.000091,7376.82417582,buy
1500729535,45940842,0.000091,1.0030372,buy
1500729514,45940797,0.000091,960.860029,buy
1500729510,45940784,0.000091,2.0,buy
1500729507,45940773,0.00009073,3347.44986338,sell
1500729507,45940772,0.00009073,1007.0,sell
1500729507,45940771,0.00009083,489.333594,sell
1500729507,45940770,0.00009084,156.21654262,sell
1500729498,45940734,0.000091,100.0,buy
1500729481,45940664,0.000091,56.0,buy
1500729455,45940596,0.000091,14916.286,buy
1500729453,45940592,0.000091,2253.69230769,buy
1500729446,45940581,0.000091,500.0,buy
1500729426,45940549,0.000091,2479.9832967,buy
1500729426,45940548,0.00009099,366.0,buy
1500729426,45940547,0.00009099,154.0167033,buy
1500729410,45940521,0.000091,156.03296703,buy
1500729396,45940479,0.000091,100.301003,buy
1500729391,45940460,0.000091,4125.0,buy
1500729365,45940438,0.000091,688.838738,buy
1500729355,45940430,0.000091,688.838738,buy
1500729326,45940407,0.000091,1.0,buy
1500729263,45940330,0.000091,429.80934,buy
1500729168,45940180,0.000091,179.53800299,buy
1500729140,45940093,0.000091,927.529068,buy
1500729123,45940081,0.000091,2.0,buy
1500729109,45940060,0.000091,650.68131868,buy
1500729090,45939999,0.000091,1248.617027,buy
1500729064,45939943,0.000091,11239.87377344,buy
1500729046,45939921,0.000091,980.0,buy
1500729009,45939879,0.00009083,380.835386,sell
1500729004,45939872,0.000091,151.68,buy
1500728951,45939780,0.000091,7213.96115316,buy
1500728946,45939733,0.000091,513.47652916,buy
1500728943,45939724,0.000091,3789.95192308,buy
1500728943,45939722,0.000091,2270.13,buy
1500728887,45939631,0.000091,288.11424902,buy
1500728868,45939605,0.000091,28.0,buy
1500728814,45939484,0.000091,60.0,buy
1500728809,45939482,0.000091,1795.96131868,buy
1500728737,45939393,0.000091,100.0,buy
1500728729,45939384,0.000091,82.54436344,buy
1500728725,45939378,0.000091,81.36171227,buy
1500728725,45939377,0.000091,632.61517251,buy
1500728679,45939312,0.000091,1158.42702196,buy
1500728662,45939288,0.000091,3982.03296703,buy
1500728658,45939283,0.000091,10.5,buy
1500728646,45939269,0.000091,164.31410028,buy
1500728632,45939250,0.00009081,63.0,sell
1500728632,45939249,0.00009081,500.0,sell
1500728632,45939248,0.00009081,132.49272556,sell
1500728629,45939245,0.000091,288.11424902,buy
1500728585,45939145,0.000091,1793.87115412,buy
1500728582,45939121,0.000091,178.73651772,buy
1500728581,45939113,0.000091,500.0,buy
1500728573,45939100,0.000091,6214.811161,buy
1500728551,45939077,0.000091,3.99990382,buy
1500728551,45939076,0.00009082,0.00009618,buy
1500728550,45939072,0.00009082,999.99990382,buy
1500728545,45939063,0.000091,110.0,buy
1500728527,45938988,0.000091,5.0,buy
1500728504,45938923,0.000091,366.64598308,buy
1500728480,45938897,0.000091,190.0,buy
1500728465,45938872,0.000091,500.0,buy
1500728415,45938805,0.00009099,92.5,buy
1500728415,45938804,0.00009099,156.95637615,buy
1500728405,45938779,0.00009088,129.2702,sell
1500728367,45938731,0.000091,7000.0,buy
1500728223,45938521,0.0000907,129.2702,sell
1500728177,45938475,0.000091,383.25863253,buy
1500728074,45938399,0.000091,1599.9,buy
1500728044,45938374,0.00009098,100.0,buy
1500728028,45938346,0.00009097,0.08090668,buy
1500728026,45938341,0.00009097,0.2,buy
1500728024,45938339,0.00009062,542.27884722,sell
1500728024,45938338,0.00009066,186.29407113,sell
1500728024,45938337,0.00009069,137.69810497,sell
1500728024,45938336,0.00009069,133.72897668,sell
1500728020,45938332,0.00009097,0.3,buy
1500728003,45938322,0.00009098,288.99919063,buy
1500727993,45938310,0.00009099,1.0,buy
1500727984,45938301,0.00009099,3.0,buy
1500727975,45938286,0.000091,5.0,buy
1500727929,45938219,0.00009069,452.30189503,sell
1500727929,45938218,0.00009069,97.69810497,sell
1500727921,45938206,0.000091,2889.95789856,buy
1500727886,45938174,0.000091,322.0,buy
1500727863,45938153,0.00009068,2728.65648434,sell
1500727863,45938152,0.00009069,109.91953554,sell
1500727863,45938151,0.00009069,95.43321847,sell
1500727826,45938117,0.0000909,541.0869177,buy
1500727825,45938108,0.0000909,1638.44779563,buy
1500727825,45938107,0.0000909,91.12651265,buy
1500727802,45938031,0.00009067,2.50417852,sell
1500727784,45937986,0.00009067,2.50417852,sell
1500727754,45937949,0.000091,483.3,buy
1500727634,45937835,0.000091,10.0,buy
1500727630,45937834,0.000091,9.12853625,buy
1500727577,45937715,0.000091,500.47057255,buy
1500727563,45937631,0.000091,100.0,buy
1500727551,45937624,0.000091,100.0,buy
1500727537,45937608,0.000091,808.13732922,buy
1500727537,45937607,0.00009073,8950.88170367,buy
1500727531,45937602,0.00009073,226.93,buy
1500727498,45937569,0.00009073,1100.0,buy
1500727490,45937557,0.00009073,2999.9,buy
1500727452,45937512,0.00009073,233.41673096,buy
1500727341,45937391,0.00009073,659.84582323,buy
1500727330,45937365,0.00009073,299.29929931,buy
1500727328,45937362,0.00009073,395.59130931,buy
1500727326,45937359,0.00009073,1809.960096,buy
1500727324,45937354,0.00009073,383.24892186,buy
1500727323,45937347,0.00009072,128.98140073,sell
1500727323,45937346,0.00009072,186.29407113,sell
1500727322,45937343,0.00009073,196.95485073,buy
1500727321,45937337,0.00009073,11182.66281991,buy
1500727321,45937336,0.00009073,12613.94388295,buy
1500727321,45937331,0.00009069,382.86567294,sell
1500727320,45937328,0.00009073,8947.36456207,buy
1500727320,45937327,0.00009073,4612.07148167,buy
1500727320,45937326,0.00009073,383.24892186,buy
1500727319,45937323,0.00009073,7777.0,buy
1500727319,45937322,0.00009073,6907.7648552,buy
1500727319,45937321,0.00009072,698.1411448,buy
1500727319,45937318,0.00009073,4381.42312727,buy
1500727318,45937314,0.00009073,7567.021,buy
1500727318,45937299,0.00009073,2245.91507219,buy
1500727318,45937298,0.00009073,383.24892186,buy
1500727317,45937289,0.00009066,101.0588552,sell
1500727315,45937277,0.00009066,799.2,sell
1500727312,45937272,0.00009073,122.79448845,buy
1500727311,45937269,0.00009073,122.79448845,buy
1500727293,45937223,0.00009073,488.97581792,buy
1500727284,45937207,0.00009073,2999.9,buy
1500727159,45936944,0.00009066,1455.42893845,sell
1500727149,45936922,0.00009072,148.59701882,sell
1500727149,45936921,0.00009072,234.26865412,sell
1500727141,45936916,0.00009072,382.86567294,sell
1500727132,45936905,0.00009072,382.86567294,sell
1500727109,45936867,0.00009073,19.53455307,buy
1500727083,45936842,0.00009063,129.2702,sell
1500727080,45936838,0.00009073,175.62438002,buy
1500727017,45936769,0.00009073,256.0,buy
1500727016,45936766,0.00009073,169.13314229,buy
1500727016,45936763,0.00009073,346.64359311,buy
1500727015,45936762,0.00009073,253.1245656,buy
1500726972,45936706,0.00009073,168.16266023,buy
1500726972,45936705,0.00009073,403.71795437,buy
1500726963,45936685,0.00009073,261.34938829,buy
1500726960,45936669,0.00009073,159.31588228,buy
1500726960,45936667,0.00009073,280.97948889,buy
1500726959,45936665,0.00009073,17.56927146,buy
1500726959,45936664,0.00009073,421.2871931,buy
1500726957,45936663,0.00009073,68.60405649,buy
1500726955,45936660,0.00009073,153.58615696,buy
1500726952,45936640,0.00009073,54.94902401,buy
1500726937,45936619,0.00009073,33.59208641,buy
1500726937,45936618,0.00009073,153.58615696,buy
1500726935,45936611,0.00009073,96.24876005,buy
1500726935,45936610,0.00009073,190.38348988,buy
1500726916,45936578,0.00009073,153.58615696,buy
1500726916,45936577,0.00009073,153.58615696,buy
1500726910,45936564,0.00009073,1284.162257,buy
1500726908,45936559,0.00009073,10.97046181,buy
1500726905,45936551,0.00009073,102.1961429,buy
1500726882,45936516,0.00009073,153.58615696,buy
1500726881,45936515,0.00009073,153.58615696,buy
1500726881,45936512,0.00009073,33.92141278,buy
1500726881,45936510,0.00009073,62.58616205,buy
1500726881,45936509,0.00009073,153.58615696,buy
1500726881,45936508,0.00009073,62.58616205,buy
1500726881,45936507,0.00009073,75.66584216,buy
1500726879,45936503,0.00009073,153.58615696,buy
1500726879,45936502,0.00009073,153.58615696,buy
1500726879,45936501,0.00009073,48.41091821,buy
1500726874,45936493,0.00009073,146.41570212,buy
1500726873,45936492,0.00009073,153.58615838,buy
1500726872,45936490,0.00009073,102.23023542,buy
1500726860,45936453,0.00009073,2355.26286187,buy
1500726857,45936441,0.00009073,8964.32271072,buy
1500726854,45936419,0.00009073,4781.031848,buy
1500726853,45936406,0.00009072,2995.96815153,buy
1500726853,45936400,0.00009072,5385.2733686,buy
1500726852,45936394,0.00009072,297.47574955,buy
1500726852,45936393,0.00009072,51.07705026,buy
1500726852,45936391,0.00009072,704.15564373,buy
1500726852,45936390,0.00009072,5682.74910712,buy
1500726849,45936366,0.00009072,8941.95326278,buy
1500726823,45936251,0.0000906,200.0,buy
1500726817,45936232,0.00009072,1429.70254255,buy
1500726817,45936231,0.00009058,28.28337688,buy
1500726817,45936230,0.0000905,39.0,buy
1500726817,45936229,0.0000905,160.32743339,buy
1500726817,45936228,0.00009048,226.78895318,buy
1500726794,45936165,0.00009048,800.0,buy
1500726763,45936054,0.00009055,62.87027009,buy
1500726761,45936041,0.00009058,62.87027009,buy
1500726758,45936026,0.00009034,34.58689321,buy
1500726753,45935979,0.00009034,34.58689321,sell
1500726738,45935855,0.00009035,2.86895448,buy
1500726738,45935854,0.00009035,0.00826673,buy
1500726735,45935840,0.00009035,970.99147758,sell
1500726735,45935839,0.00009035,55.78920887,sell
1500726650,45935572,0.00009057,40.42764443,buy
1500726638,45935541,0.0000906,0.3624,buy
1500726513,45935237,0.00009035,544.80114494,sell
1500726513,45935236,0.00009035,57.06673207,sell
1500726513,45935235,0.00009035,211.43452381,sell
1500726513,45935234,0.00009036,56.40161575,sell
1500726468,45935134,0.00009072,100.0,buy
1500726428,45935080,0.00009072,100.0,buy
1500726356,45934982,0.00009072,8.43452381,buy
1500726341,45934977,0.00009072,3.0,buy
1500726339,45934975,0.00009072,3.0,buy
1500726332,45934968,0.00009072,3.0,buy
1500726316,45934946,0.00009072,2744.84,buy
1500726287,45934908,0.00009035,8.27216,sell
1500726287,45934907,0.0000905,50.0,sell
1500726287,45934906,0.00009051,16.72784,sell
1500726182,45934726,0.00009072,27500.0,buy
1500726167,45934706,0.00009072,2605.93958889,buy
1500726143,45934661,0.00009072,133.17746913,buy
1500726140,45934650,0.00009072,2.64142416,buy
1500726139,45934647,0.00009072,98.28819896,buy
1500726139,45934646,0.00009072,64.47152965,buy
1500726107,45934551,0.00009072,2850.46098529,buy
1500726107,45934550,0.00009071,2373.23901471,buy
1500726101,45934540,0.00009071,14776.3,buy
1500726098,45934511,0.00009071,910.8389,buy
1500726094,45934503,0.00009071,165.14165466,buy
1500726094,45934502,0.00009071,6026.88722037,buy
1500726093,45934498,0.00009071,13993.19810384,buy
1500726088,45934480,0.00009071,7777.0,buy
1500726087,45934478,0.00009071,2055.7490905,buy
1500726086,45934472,0.00009071,1921.64601592,buy
1500726086,45934471,0.00009071,3065.26560459,buy
1500726086,45934470,0.00009071,123.30775993,buy
1500726083,45934465,0.00009071,5098.15896814,buy
1500726073,45934452,0.00009071,5262.485,buy
1500726073,45934451,0.00009071,0.1,buy
1500726072,45934447,0.00009071,7605.906,buy
1500726072,45934445,0.00009071,7125.57679403,buy
1500726072,45934444,0.00009071,5.93220597,buy
1500725992,45934333,0.00009071,860.70252648,buy
1500725992,45934332,0.00009071,11.86441194,buy
1500725991,45934328,0.00009071,396.60553184,buy
1500725991,45934327,0.00009071,11.86441194,buy
1500725954,45934255,0.00009013,6643.22774736,sell
1500725954,45934254,0.00009037,7999.99999999,sell
1500725954,45934253,0.00009037,81.83477461,sell
1500725954,45934252,0.00009055,55.8,sell
1500725954,45934251,0.0000906,48.40767804,sell
1500725954,45934250,0.0000906,170.7298,sell
1500725944,45934224,0.0000906,129.2702,sell
1500725901,45934142,0.00009071,132.77191284,buy
1500725901,45934141,0.00009071,30.64640469,buy
1500725876,45934060,0.0000906,4840.8297534,buy
1500725876,45934058,0.0000906,48.40768394,buy
1500725874,45934051,0.0000906,5086.11479028,buy
1500725843,45933977,0.00009068,24.64777238,sell
1500725842,45933975,0.00009071,962.76276277,buy
1500725840,45933970,0.00009071,567.36736737,buy
1500725827,45933904,0.00009071,464.60424607,buy
1500725775,45933835,0.00009071,11.13913585,buy
1500725746,45933751,0.00009071,5406.91213496,buy
1500725746,45933750,0.00009071,842.95737204,buy
1500725733,45933713,0.00009071,4805.838406,buy
1500725732,45933712,0.00009071,7233.90360906,buy
1500725732,45933711,0.0000907,53.14539094,buy
1500725728,45933694,0.0000907,6913.753,buy
1500725718,45933679,0.00009068,50.47348268,sell
1500725709,45933656,0.0000907,6542.06825331,buy
1500725709,45933655,0.0000907,2.0448049,buy
1500725709,45933654,0.00009068,4.08960979,buy
1500725708,45933653,0.00009068,116.48172213,buy
1500725708,45933652,0.00009068,4.08960979,buy
1500725706,45933633,0.00009003,74.81384684,sell
1500725706,45933632,0.0000901,150.0,sell
1500725706,45933631,0.0000901,2807.20445094,sell
1500725643,45933450,0.0000901,0.8321004,sell
1500725635,45933419,0.00009011,179.73296167,sell
1500725635,45933418,0.00009012,195.294524,sell
1500725635,45933417,0.00009014,3540.059,sell
1500725635,45933416,0.00009014,80.91351433,sell
1500725611,45933352,0.0000901,24.0,sell
1500725556,45933128,0.0000901,171.294524,sell
1500725550,45933068,0.00009068,7.75945919,buy
1500725549,45933066,0.00009023,3056.69544108,sell
1500725549,45933065,0.00009023,2600.78877792,sell
1500725541,45933024,0.00009039,10.0,buy
1500725539,45933016,0.0000904,93.24662834,buy
1500725527,45932994,0.00009023,400.0,sell
1500725512,45932925,0.00009068,107.7595889,buy
1500725512,45932924,0.00009048,1691.803,buy
1500725492,45932877,0.00009058,74.0152027,buy
1500725471,45932833,0.00009067,380.0,buy
1500725464,45932802,0.00009068,116.543008,sell
1500725438,45932666,0.0000907,1970.82105843,buy
1500725437,45932664,0.0000907,154.064346,buy
1500725437,45932663,0.0000907,385.45506568,buy
1500725424,45932616,0.0000907,3175.66196251,buy
1500725415,45932587,0.0000907,661.0680432,buy
1500725415,45932586,0.0000907,259.94121575,buy
1500725415,45932585,0.0000907,230.50718332,buy
1500725411,45932577,0.0000907,1149.38502112,buy
1500725411,45932576,0.0000907,445.79583879,buy
1500725411,45932575,0.0000907,248.8492774,buy
1500725394,45932529,0.0000907,13335.70412518,buy
1500725387,45932489,0.0000907,191.39703807,buy
1500725372,45932442,0.0000907,173.35793022,buy
1500725359,45932342,0.0000907,145.63940159,buy
1500725357,45932329,0.00009069,400.0,sell
1500725352,45932313,0.0000907,385.63223399,buy
1500725352,45932312,0.0000907,385.45506568,buy
1500725352,45932310,0.0000907,373.73529874,buy
1500725350,45932302,0.0000907,1001.00100101,buy
1500725349,45932300,0.0000907,385.25720486,buy
1500725344,45932292,0.0000907,385.20387944,buy
1500725335,45932253,0.0000907,2002.00200202,buy
1500725314,45932146,0.0000907,17300.35276787,buy
