Timestamp,TradeId,Price,Amount,Type
1498953485,40668696,0.3811,126.34,sell
1498953440,40668664,0.3811,399.8,sell
1498952792,40668099,0.38001,373.38592544,sell
1498952792,40668098,0.386,209.29869919,sell
1498952792,40668097,0.38601,132.83537537,sell
1498952748,40668048,0.38601,4616.339,sell
1498952512,40667729,0.38601,0.05849573,sell
1498952512,40667728,0.38601,0.1,sell
1498952511,40667727,0.38601,0.1,sell
1498952510,40667724,0.38601,0.1,sell
1498952510,40667723,0.38601,0.1,sell
1498952509,40667722,0.386,0.1,sell
1498952509,40667721,0.386,0.1,sell
1498952508,40667720,0.38591,0.1,sell
1498952507,40667718,0.38591,0.1,sell
1498952497,40667707,0.38591,1.0,sell
1498952493,40667698,0.38591,1.0,sell
1498952492,40667697,0.38591,1.0,sell
1498952492,40667696,0.38591,1.0,sell
1498952491,40667695,0.38591,1.0,sell
1498952491,40667694,0.38591,1.0,sell
1498952489,40667693,0.38591,1.0,sell
1498952488,40667692,0.38591,1.0,sell
1498952488,40667691,0.38591,1.0,sell
1498952484,40667687,0.38591,1.0,sell
1498952482,40667685,0.3882,0.1,buy
1498952482,40667684,0.3875,0.1,buy
1498952464,40667668,0.3866,0.1,buy
1498952464,40667667,0.3864,0.1,buy
1498952464,40667666,0.3862,0.1,buy
1498952426,40667498,0.38611,14.59975219,buy
1498952426,40667497,0.3861,0.1,buy
1498952426,40667496,0.386,26.0,buy
1498952424,40667493,0.3857,743.82562463,buy
1498952414,40667476,0.38498,453.58162501,buy
1498952413,40667468,0.38498,267.189552,buy
1498952412,40667465,0.38498,730.7793912,buy
1498952410,40667444,0.38498,274.87339861,buy
1498952409,40667443,0.38498,177.912588,buy
1498952408,40667434,0.38498,451.76059275,buy
1498952407,40667410,0.38498,400.0772278,buy
1498952407,40667409,0.38497,377.1248422,buy
1498952403,40667386,0.38469,777.19871954,buy
1498952326,40667264,0.3859,4.12030943,buy
1498951597,40666316,0.38596,26.0,buy
1498951516,40666167,0.38512,174.6,buy
1498951516,40666166,0.38479,0.4,buy
1498951516,40666165,0.3828,175.0,buy
1498951111,40665643,0.38285,116.24562727,buy
1498950951,40665433,0.3717,4427.79061819,sell
1498950951,40665432,0.3734,270.0,sell
1498950951,40665431,0.3736,10332.4,sell
1498950951,40665430,0.37364,259.05272,sell
1498950951,40665429,0.37384,802.48797,sell
1498950951,40665428,0.37551,3500.0,sell
1498950951,40665427,0.3797,2.8,sell
1498950951,40665426,0.3797,1.4,sell
1498950951,40665425,0.38074,136.87311475,sell
1498950951,40665424,0.38075,267.19557706,sell
1498950752,40664974,0.3834,1718.3,sell
1498950661,40664599,0.38341,82.767507,sell
1498950661,40664598,0.38342,0.2,sell
1498950314,40663601,0.3859,2814.8975,buy
1498950288,40663503,0.3859,67.15052086,sell
1498950277,40663428,0.3859,3090.26777728,buy
1498950277,40663427,0.38589,36.74430347,buy
1498950275,40663405,0.386,0.1,buy
1498950275,40663404,0.3859,0.1,buy
1498950275,40663403,0.3857,0.1,buy
1498950275,40663402,0.3856,0.1,buy
1498950275,40663401,0.3855,0.1,buy
1498950275,40663400,0.3854,0.1,buy
1498950275,40663399,0.3853,0.1,buy
1498950275,40663398,0.3852,0.1,buy
1498950275,40663397,0.3851,0.1,buy
1498950223,40663180,0.3849,0.1,buy
1498950197,40663120,0.3846,0.1,buy
1498950197,40663119,0.3845,0.1,buy
1498950197,40663118,0.3844,0.1,buy
1498950197,40663117,0.3843,0.1,buy
1498950197,40663116,0.3842,0.1,buy
1498950197,40663115,0.3841,0.1,buy
1498950197,40663114,0.384,0.1,buy
1498950197,40663113,0.3838,0.1,buy
1498950197,40663112,0.3836,3.0,buy
1498950180,40663077,0.3834,1734.73488784,buy
1498950173,40663068,0.3835,982.84053283,buy
1498950167,40663053,0.3836,0.1,buy
1498950167,40663052,0.3835,3.0,buy
1498950167,40663051,0.3835,0.1,buy
1498950167,40663050,0.3834,0.1,buy
1498950167,40663049,0.3833,0.1,buy
1498950167,40663048,0.3832,0.1,buy
1498950167,40663047,0.3831,0.1,buy
1498950167,40663046,0.383,0.1,buy
1498950167,40663045,0.3829,0.1,buy
1498950054,40662800,0.3826,0.09350323,buy
1498950037,40662780,0.38025,733.88906492,buy
1498950036,40662777,0.38025,44.52297508,buy
1498950006,40662722,0.38217,196.63060263,buy
1498949966,40662628,0.3826,0.00649677,buy
1498949966,40662627,0.3825,0.1,buy
1498949954,40662561,0.3824,0.1,buy
1498949951,40662536,0.38,9.9,buy
1498949950,40662532,0.38,0.1,buy
1498949879,40662348,0.38,0.1,buy
1498949869,40662336,0.3799,0.1,buy
1498949869,40662335,0.3799,0.1,buy
1498949841,40662279,0.3799,0.1,buy
1498949841,40662278,0.3799,0.1,buy
1498949841,40662277,0.3799,0.1,buy
1498949758,40662162,0.3798,0.1,buy
1498949758,40662161,0.3798,0.1,buy
1498949521,40661583,0.3797,0.1,sell
1498949520,40661580,0.3797,0.1,sell
1498949499,40661564,0.3797,0.1,sell
1498949450,40661467,0.3797,0.1,buy
1498949438,40661443,0.3788,0.1,buy
1498949424,40661408,0.3788,0.1,buy
1498949404,40661399,0.3789,0.1,buy
1498949388,40661369,0.37906,0.1,buy
1498949381,40661367,0.37787,81.96,sell
1498949371,40661362,0.37928,0.1,buy
1498949356,40661346,0.3796,0.1,buy
1498949345,40661336,0.3795,0.1,buy
1498949334,40661331,0.37949,0.1,buy
1498949325,40661325,0.3795,0.1,buy
1498949307,40661303,0.37947,0.1,buy
1498949291,40661279,0.3793,0.1,sell
1498949291,40661278,0.3793,0.1,sell
1498949291,40661277,0.3793,0.1,sell
1498949291,40661276,0.3793,0.1,sell
1498949291,40661275,0.3793,0.08,sell
1498949291,40661274,0.37938,343.30651127,sell
1498949278,40661260,0.3794,0.1,buy
1498949256,40661231,0.37935,1360.472,buy
1498949256,40661230,0.37935,15.12148873,buy
1498949256,40661229,0.37934,1281.1,buy
1498949146,40661080,0.3793,0.02,buy
1498949134,40661027,0.3793,0.1,buy
1498949037,40660900,0.3793,807.5,sell
1498949029,40660896,0.3793,96.2,sell
1498949027,40660892,0.3793,96.2,sell
1498949010,40660878,0.3793,0.1,buy
1498948627,40659630,0.3792,715.59778146,buy
1498948627,40659629,0.3792,0.1,buy
1498948627,40659628,0.3791,299.6,buy
1498948627,40659627,0.37882,791.92929,buy
1498948627,40659626,0.37881,88.19421,buy
1498948627,40659625,0.376,0.12,buy
1498948627,40659624,0.376,0.12,buy
1498948627,40659623,0.376,0.12,buy
1498948627,40659622,0.376,0.12,buy
1498948627,40659621,0.376,0.12,buy
1498948487,40659410,0.37591,97.877695,sell
1498948487,40659406,0.37591,52.12230498,sell
1498948487,40659405,0.37592,110.63833402,sell
1498948419,40659232,0.37591,269.73,buy
1498948419,40659231,0.3759,110.90982974,buy
1498948220,40658997,0.3737,255.92936367,sell
1498948159,40658892,0.37111,61.58432647,sell
1498948159,40658891,0.372,1045.0,sell
1498948159,40658890,0.3729,805.60667353,sell
1498948159,40658889,0.37291,270.0,sell
1498948159,40658888,0.3749,1770.259,sell
1498948066,40658797,0.3785,1.0,buy
1498948062,40658779,0.3785,1.0,buy
1498948046,40658736,0.37853,1.0,sell
1498948042,40658733,0.3785,1.0,buy
1498948028,40658728,0.3785,1.0,buy
1498948002,40658707,0.3786,0.1,sell
1498947959,40658654,0.37854,0.1,buy
1498947936,40658625,0.37788,0.1,buy
1498947935,40658624,0.37788,0.9184218,buy
1498947926,40658614,0.37788,0.1,buy
1498947919,40658609,0.3789,0.1,buy
1498947905,40658592,0.3789,0.1,buy
1498947889,40658583,0.3789,0.1,buy
1498947849,40658551,0.3783,241.52609942,buy
1498947849,40658550,0.3783,791.34793,buy
1498947849,40658549,0.37422,11.02497058,buy
1498947848,40658546,0.37422,0.1,buy
1498947844,40658545,0.37422,0.1,buy
1498947822,40658519,0.37422,257.45502942,buy
1498947782,40658461,0.37422,0.1,buy
1498947771,40658455,0.37422,0.1,buy
1498947757,40658442,0.37422,0.13,buy
1498947757,40658441,0.37422,0.13,buy
1498947757,40658440,0.37422,0.13,buy
1498947757,40658439,0.37422,0.13,buy
1498947757,40658438,0.37422,0.13,buy
1498947755,40658435,0.37422,0.1,buy
1498947734,40658417,0.37422,0.1,buy
1498947712,40658391,0.37785,4.0,buy
1498947709,40658385,0.37787,40.0,buy
1498947685,40658264,0.37667,387.75748201,buy
1498947685,40658263,0.37666,62.24251799,buy
1498947680,40658185,0.37603,20.0,buy
1498947659,40658025,0.3717,0.1,buy
1498947569,40657660,0.37872,0.1,buy
1498947563,40657644,0.37872,5.0,buy
1498947562,40657643,0.37872,0.1,buy
1498947554,40657639,0.37872,0.1,buy
1498947546,40657627,0.37775,0.1,buy
1498947538,40657618,0.3778,0.1,buy
1498947530,40657572,0.37771,0.1,buy
1498947523,40657569,0.37731,0.1,buy
1498947513,40657537,0.3767,0.1,buy
1498947506,40657523,0.3764,0.1,buy
1498947505,40657512,0.37629,270.0,buy
1498947497,40657504,0.37528,0.1,buy
1498947490,40657499,0.3712,2448.11703505,sell
1498947490,40657498,0.3712,439.0,sell
1498947490,40657497,0.37122,270.0,sell
1498947490,40657496,0.3713,11894.0,sell
1498947490,40657495,0.372,1275.72376935,sell
1498947490,40657494,0.37201,176.53919559,sell
1498947490,40657493,0.37651,3500.0,sell
1498947329,40657357,0.3778,0.1,buy
1498947322,40657353,0.3772,0.1,buy
1498947315,40657318,0.37871,0.1,buy
1498947307,40657289,0.37881,0.1,buy
1498947299,40657268,0.37881,0.1,buy
1498947292,40657263,0.37881,0.1,buy
1498947282,40657257,0.37881,0.1,buy
1498947274,40657255,0.37881,0.1,buy
1498947257,40657241,0.3789,0.1,buy
1498947232,40657202,0.3789,0.1,buy
1498947209,40657122,0.37581,519.48120417,sell
1498947209,40657121,0.3772,0.1,sell
1498947209,40657120,0.3772,0.1,sell
1498947209,40657119,0.3772,0.1,sell
1498947209,40657118,0.3772,0.06,sell
1498947202,40657082,0.3772,0.04,sell
1498947202,40657081,0.3772,0.08,sell
1498947202,40657080,0.3772,0.02,sell
1498947202,40657079,0.3772,0.1,sell
1498947161,40657053,0.37682,0.1,buy
1498947147,40657041,0.3769,0.1,buy
1498947119,40657029,0.37713,0.13,buy
1498947118,40657028,0.37713,0.13,buy
1498947118,40657027,0.37713,0.13,buy
1498946992,40656882,0.37401,208.45444147,sell
1498946992,40656881,0.3764,0.1,sell
1498946992,40656880,0.3787,466.90555853,sell
1498946992,40656879,0.3787,39.54,sell
1498946982,40656852,0.3787,0.12,sell
1498946982,40656851,0.3787,0.12,sell
1498946982,40656850,0.3787,0.12,sell
1498946970,40656843,0.3787,0.1,buy
1498946907,40656681,0.3786,0.1,buy
1498946907,40656680,0.3785,0.1,buy
1498946907,40656679,0.3766,0.1,buy
1498946907,40656678,0.3765,3.0,buy
1498946907,40656677,0.3765,0.1,buy
1498946885,40656654,0.3764,0.1,buy
1498946877,40656649,0.37639,0.12,sell
1498946855,40656628,0.37639,0.00328475,buy
1498946855,40656627,0.37639,2425.9880344,buy
1498946839,40656566,0.37639,0.1,buy
1498946794,40656523,0.37639,0.1,buy
1498946789,40656520,0.37639,1.2,buy
1498946776,40656512,0.37639,0.1,buy
1498946760,40656502,0.37639,0.1,buy
1498946753,40656489,0.37639,0.1,buy
1498946751,40656486,0.37639,796.05216965,buy
1498946745,40656475,0.37639,169.44101413,buy
1498946727,40656444,0.37639,2762.27328834,buy
1498946726,40656441,0.37639,6121.78934615,buy
1498946717,40656430,0.37639,0.1,buy
1498946706,40656414,0.37639,0.1,buy
1498946697,40656405,0.37639,0.1,buy
1498946689,40656399,0.37639,0.1,buy
1498946679,40656382,0.37639,0.1,buy
1498946667,40656344,0.37639,0.1,buy
1498946649,40656332,0.37639,4444.99797284,buy
1498946584,40656291,0.37639,1989.81049708,buy
1498946582,40656288,0.37639,467.02884328,buy
1498946577,40656273,0.37639,2654.23466618,buy
1498946577,40656272,0.37638,2200.0,buy
1498946577,40656271,0.37631,433.65223782,buy
1498946576,40656267,0.37631,281.13459692,buy
1498946576,40656264,0.37631,189.68800649,buy
1498946541,40656173,0.37631,781.93655496,buy
1498946540,40656167,0.37616,175.98718527,buy
1498946538,40656156,0.3729,509.27347696,sell
1498946387,40655957,0.37624,0.1,buy
1498946377,40655953,0.37561,0.1,buy
1498946368,40655950,0.37564,0.1,buy
1498946357,40655940,0.3762,0.1,buy
1498946351,40655924,0.37631,0.1,buy
1498946344,40655905,0.37631,0.1,buy
1498946337,40655901,0.37631,0.1,buy
1498946330,40655891,0.37632,0.1,buy
1498946320,40655881,0.37634,0.1,buy
1498946265,40655798,0.37638,0.1,buy
1498946257,40655788,0.37638,0.1,buy
1498946255,40655783,0.3761,513.187712,sell
1498946241,40655775,0.37638,0.1,buy
1498946235,40655774,0.37638,0.1,buy
1498946233,40655767,0.37638,358.0,buy
1498946227,40655752,0.37638,0.1,buy
1498946221,40655749,0.37638,0.1,buy
1498946214,40655741,0.37638,0.1,buy
1498946207,40655735,0.37638,0.1,buy
1498946183,40655710,0.37638,0.1,buy
1498946183,40655709,0.37638,0.1,buy
1498946167,40655701,0.37638,0.1,buy
1498946156,40655688,0.37638,0.1,buy
1498946153,40655687,0.3761,4710.85041283,sell
1498946153,40655686,0.37611,289.14958717,sell
1498946138,40655680,0.37639,0.1,buy
1498946128,40655654,0.37639,141.81273455,buy
1498946128,40655653,0.37625,2.92128945,buy
1498946128,40655650,0.37625,321.735398,buy
1498946128,40655649,0.3761,144.58929004,sell
1498946125,40655639,0.3761,321.735398,sell
1498946123,40655634,0.3761,144.787903,sell
1498946123,40655633,0.37611,321.73539791,sell
1498946122,40655632,0.37625,0.1,buy
1498946110,40655609,0.37637,0.7,buy
1498946107,40655584,0.37639,0.1,buy
1498946083,40655505,0.3761,295.96928383,sell
1498946076,40655479,0.37639,14.0,buy
1498946047,40655440,0.37639,50.0,buy
1498946021,40655406,0.37639,21.895565,buy
1498946004,40655339,0.37639,0.1,buy
1498945999,40655329,0.37639,985.69211355,buy
1498945991,40655313,0.37639,0.1,buy
1498945976,40655292,0.37639,0.1,buy
1498945959,40655229,0.37639,0.1,buy
1498945958,40655224,0.37639,0.1,buy
1498945942,40655213,0.37639,0.1,buy
1498945902,40655175,0.3761,0.12,sell
1498945902,40655173,0.3761,0.12,sell
1498945878,40655101,0.3762,3659.69791068,buy
1498945877,40655096,0.3762,991.63011855,buy
1498945824,40654956,0.37619,1780.76709907,buy
1498945823,40654945,0.37619,1426.31075237,buy
1498945800,40654859,0.37639,0.9,buy
1498945796,40654844,0.37639,1426.31075237,buy
1498945774,40654817,0.37639,20.0,buy
1498945734,40654781,0.37639,299.4,buy
1498945734,40654780,0.3763,0.1,buy
1498945734,40654779,0.3762,0.1,buy
1498945734,40654778,0.3753,0.1,buy
1498945734,40654777,0.3752,0.1,buy
1498945734,40654776,0.3751,0.1,buy
1498945734,40654775,0.3749,0.1,buy
1498945690,40654720,0.37484,705.27693868,buy
1498945690,40654719,0.37483,294.42306132,buy
1498945690,40654718,0.3748,0.1,buy
1498945690,40654717,0.3746,0.1,buy
1498945690,40654716,0.3745,0.1,buy
1498945604,40654507,0.37436,277.24461375,buy
1498945529,40654422,0.37111,225.90217872,sell
1498945016,40653214,0.3701,107.26224501,sell
1498945016,40653213,0.3701,25.0,sell
1498945016,40653212,0.3702,400.0,sell
1498945016,40653211,0.3705,270.0,sell
1498945016,40653210,0.3705,1.737755,sell
1498945016,40653209,0.3705,10.0,sell
1498945016,40653208,0.371,10.0,sell
1498945016,40653207,0.3715,0.401386,sell
1498945016,40653206,0.3715,0.547447,sell
1498945016,40653205,0.3715,175.05116699,sell
1498944979,40653110,0.3723,0.1,buy
1498944968,40653098,0.37232,0.1,buy
1498944954,40653052,0.37237,0.1,buy
1498944939,40653005,0.37237,0.1,buy
1498944929,40652962,0.3715,1474.0,sell
1498944926,40652950,0.37239,0.1,buy
1498944918,40652919,0.3715,350.0,sell
1498944914,40652894,0.3715,1713.77321278,sell
1498944914,40652893,0.3715,10.0,sell
1498944903,40652846,0.372,0.1,buy
1498944887,40652744,0.372,0.1,buy
1498944877,40652701,0.3722,50.0,sell
1498944875,40652693,0.37279,0.220936,sell
1498944875,40652692,0.37279,3230.119853,sell
1498944868,40652668,0.37294,0.1,buy
1498944865,40652660,0.37279,5000.0,sell
1498944847,40652572,0.3731,0.1,buy
1498944835,40652506,0.3728,4519.83085936,sell
1498944835,40652505,0.3729,1.0,sell
1498944835,40652504,0.373,0.1,sell
1498944827,40652433,0.37358,0.1,buy
1498944717,40651800,0.3728,181.033293,sell
1498944708,40651756,0.3728,9297.22892239,sell
1498944708,40651755,0.37281,295.61107761,sell
1498944534,40650829,0.3728,5944.432788,sell
1498944524,40650812,0.3728,2057.47413725,sell
1498944524,40650811,0.3729,0.925999,sell
1498944524,40650810,0.3729,0.851614,sell
1498944524,40650809,0.3729,1.216327,sell
1498944524,40650808,0.3729,0.112331,sell
1498944524,40650807,0.3729,2.567536,sell
1498944524,40650806,0.37291,226.51080137,sell
1498944417,40650659,0.37291,2000.0,sell
1498944391,40650615,0.37291,1273.48919863,sell
1498944391,40650614,0.373,1.0,sell
1498944391,40650613,0.373,1.0,sell
1498944391,40650612,0.373,485.77284906,sell
1498944391,40650611,0.37301,0.749485,sell
1498944391,40650610,0.3731,1.0,sell
1498944391,40650609,0.37311,236.98846731,sell
1498944172,40650187,0.3738,0.13,buy
1498944172,40650186,0.3738,0.13,buy
1498943822,40649618,0.3761,6.18,buy
1498943696,40649339,0.373,8.67249,sell
1498943692,40649332,0.3749,0.1,buy
1498943610,40648913,0.3762,0.1,buy
1498943559,40648787,0.37659,0.1,buy
1498943504,40648721,0.37711,0.1,buy
1498943494,40648703,0.37713,0.1,buy
1498943486,40648698,0.37711,0.1,buy
1498943479,40648681,0.37711,0.1,buy
1498943470,40648677,0.377,0.1,buy
1498943470,40648674,0.377,0.1,buy
1498943469,40648673,0.377,0.1,buy
1498943442,40648577,0.37711,0.1,buy
1498943434,40648538,0.37721,0.1,buy
1498943413,40648344,0.3775,0.1,sell
1498943399,40648232,0.37711,0.1,buy
1498943390,40648215,0.37711,0.1,buy
1498943380,40648176,0.377,0.1,buy
1498943372,40648130,0.377,0.1,buy
1498943365,40648101,0.377,0.1,buy
1498943352,40648077,0.3772,0.1,buy
1498943338,40648067,0.3771,0.1,buy
1498943332,40648050,0.3771,0.1,buy
1498943230,40647930,0.37301,98.18839,sell
1498943230,40647929,0.375,0.86161,sell
1498943230,40647928,0.375,0.95,sell
1498943035,40647608,0.375,7.51557689,buy
1498942963,40647299,0.37311,207.0,sell
1498942947,40647229,0.375,457.55508516,buy
1498942937,40647182,0.37301,500.0,sell
1498942898,40647095,0.375,0.13,buy
1498942898,40647094,0.375,0.13,buy
1498942898,40647092,0.375,0.13,buy
1498942898,40647091,0.375,0.13,buy
1498942881,40647048,0.375,41.92490982,buy
1498942866,40647020,0.37301,987.084468,sell
1498942866,40647019,0.3749,0.728883,sell
1498942866,40647018,0.3749,0.728883,sell
1498942866,40647017,0.3749,0.728883,sell
1498942866,40647016,0.3749,0.728883,sell
1498942645,40646447,0.3779,3002.52164,buy
1498942544,40646190,0.3783,1.0,buy
1498942517,40646157,0.378,754.57636743,buy
1498942517,40646156,0.37799,245.94363257,buy
1498942517,40646155,0.37726,0.12,buy
1498942517,40646154,0.37726,0.12,buy
1498942517,40646153,0.37726,0.12,buy
1498942517,40646152,0.37726,0.12,buy
1498942476,40646093,0.37503,2125.0,sell
1498942466,40646056,0.37503,3857.1594192,sell
1498942466,40646055,0.37503,242.8405808,sell
1498942313,40645783,0.37312,32.66638528,sell
1498942313,40645782,0.37487,0.13,sell
1498942313,40645781,0.37487,0.13,sell
1498942313,40645780,0.37487,0.13,sell
1498942313,40645779,0.3772,0.728883,sell
1498942313,40645778,0.3772,0.728883,sell
1498942313,40645777,0.3772,0.728883,sell
1498942313,40645776,0.37726,0.728883,sell
1498942265,40645749,0.37899,156.2778,buy
1498942265,40645748,0.37749,12.7222,buy
1498942103,40645535,0.37719,151.77023154,buy
1498942103,40645534,0.37718,293.48708298,buy
1498942076,40645498,0.37726,795.20020971,buy
1498942076,40645497,0.37689,795.98676,buy
1498942076,40645496,0.37505,151.77025729,buy
1498942068,40645475,0.37494,2897.28090768,buy
1498942068,40645474,0.37493,3378.649,buy
1498941911,40645247,0.375,100.0,sell
1498941910,40645242,0.377,0.27251663,sell
1498941910,40645241,0.377,51.49774066,sell
1498941910,40645240,0.377,100.0,sell
1498941836,40645016,0.3794,3093.41430375,sell
1498941835,40645013,0.37899,1906.58569625,buy
1498941379,40644048,0.37711,230.48891126,buy
1498941322,40643923,0.37711,339.96451498,buy
1498941240,40643819,0.37711,20.0,buy
1498941232,40643809,0.37711,451.160308,buy
1498941220,40643791,0.37711,156.51354102,buy
1498941217,40643787,0.37711,157.08229745,buy
1498941217,40643786,0.37711,1.440612,sell
1498941217,40643785,0.37711,665.69567322,sell
1498941147,40643704,0.38008,2.01252498,buy
1498941046,40643493,0.38009,200.0,buy
1498940994,40643430,0.3774,0.1,sell
1498940994,40643429,0.3774,0.1,sell
1498940994,40643428,0.37741,585.86996852,sell
1498940994,40643427,0.37749,450.54930991,sell
1498940994,40643426,0.378,1.0,sell
1498940994,40643425,0.378,1.0,sell
1498940976,40643392,0.38059,204.32430375,buy
1498940940,40643240,0.38066,1189.09,buy
1498940848,40643052,0.37749,239.33095426,sell
1498940848,40643051,0.3775,50.0,sell
1498940848,40643050,0.37751,337.40904574,sell
1498940599,40642427,0.37768,790.51382489,buy
1498940598,40642426,0.37731,585.73835781,buy
1498940597,40642418,0.37731,204.77547219,buy
1498940596,40642410,0.37711,124.81815126,buy
1498940557,40642339,0.3774,204.85221642,buy
1498940554,40642329,0.37741,107.96855968,buy
1498940418,40641997,0.373,2259.06285523,sell
1498940418,40641996,0.3731,22361.7,sell
1498940418,40641995,0.3734,25.0,sell
1498940418,40641994,0.3735,5000.0,sell
1498940418,40641993,0.375,3380.0,sell
1498940418,40641992,0.375,14.24294928,sell
1498940418,40641991,0.375,8.02535,sell
1498940418,40641990,0.375,1500.0,sell
1498940418,40641989,0.375,1001.0,sell
1498940418,40641988,0.3751,13418.5,sell
1498940418,40641987,0.3751,26.1,sell
1498940418,40641986,0.37511,618.95678632,sell
1498940418,40641985,0.37561,1.0,sell
1498940418,40641984,0.3773,733.00770106,sell
1498940418,40641983,0.37742,25.0,sell
1498940418,40641982,0.378,43.0,sell
1498940418,40641981,0.379,100.0,sell
1498940418,40641980,0.3791,3270.41920404,sell
1498940404,40641966,0.37978,1907.0,sell
1498940394,40641930,0.38,1.60023,sell
1498940394,40641929,0.38,3.124937,sell
1498940394,40641928,0.38,143.0,sell
1498940394,40641927,0.38,532.49766425,sell
1498940364,40641864,0.38,472.03815667,sell
1498940335,40641775,0.38,30.63,sell
1498940137,40641175,0.38,964.83417908,sell
1498940137,40641174,0.38,1000.0,sell
1498940137,40641173,0.38,840.0,sell
1498940137,40641172,0.38,44.0,sell
1498940137,40641171,0.38,1339.05244992,sell
1498940137,40641170,0.38079,2.113371,sell
1498940137,40641169,0.38079,320.0,sell
1498940082,40641096,0.3816,3762.76001048,buy
1498939758,40640667,0.38219,1.7,buy
1498939758,40640666,0.3821,0.1,buy
1498939758,40640665,0.382,0.1,buy
1498939758,40640664,0.3819,0.1,buy
1498939758,40640663,0.3818,0.1,buy
1498939533,40640309,0.38169,615.25678632,buy
1498939533,40640308,0.38168,384.64321368,buy
1498939533,40640307,0.381,0.1,buy
1498939314,40639853,0.3817,123.115,buy
1498939240,40639694,0.38079,80.0,sell
1498938872,40639021,0.38,510.11108438,sell
1498938818,40638818,0.38,17.13660605,sell
1498938818,40638817,0.3801,13.17,sell
1498938818,40638816,0.3806,93.56331439,sell
1498938716,40638616,0.3806,34.82821177,sell
1498938716,40638615,0.38061,2.389598,sell
1498938716,40638614,0.38062,447.34041074,sell
1498938706,40638593,0.38064,350.0,sell
1498938706,40638592,0.38064,600.0,sell
1498938512,40638130,0.3817,0.09999999,buy
1498938512,40638129,0.3816,0.1,buy
1498938512,40638128,0.3815,0.1,buy
1498938512,40638127,0.3814,0.1,buy
1498938512,40638126,0.3813,0.1,buy
1498938512,40638125,0.3812,0.1,buy
1498938512,40638124,0.3811,0.1,buy
1498938512,40638123,0.381,0.1,buy
1498938512,40638122,0.3809,0.1,buy
1498938512,40638121,0.3808,0.1,buy
1498938420,40637863,0.3807,0.1,buy
1498938279,40637646,0.38062,135.0,sell
1498938120,40637422,0.3806,37.0191896,buy
1498938098,40637392,0.3806,34.47195322,buy
1498938071,40637317,0.3806,100.0,buy
1498937990,40637151,0.3806,158.90758996,buy
1498937990,40637150,0.3806,0.1,buy
1498937883,40637001,0.3805,313.34858189,buy
1498937870,40636958,0.3805,189.86239711,buy
1498937870,40636957,0.38049,412.6482449,buy
1498937869,40636954,0.38049,201.5838268,buy
1498937745,40636641,0.3805,196.789021,buy
1498937693,40636424,0.38001,133.208548,sell
1498937691,40636421,0.3805,133.208548,buy
1498937690,40636418,0.3805,166.791452,buy
1498937689,40636414,0.38049,133.20854778,buy
1498937670,40636372,0.38049,369.63451547,buy
1498937591,40636186,0.3805,211.12,buy
1498937524,40636076,0.38049,125.0,buy
1498937524,40636075,0.38049,120.012652,buy
1498937285,40635568,0.3805,126.40031194,buy
1498937285,40635567,0.3805,119.32165183,buy
1498937285,40635566,0.3805,341.76444,buy
1498937285,40635565,0.3805,119.32165183,buy
1498937285,40635564,0.3805,121.5959722,buy
1498937285,40635563,0.3805,121.5959722,buy
1498937204,40635355,0.3806,1.0,buy
1498937200,40635322,0.38,111.04509057,sell
1498937200,40635321,0.38,1000.0,sell
1498937200,40635320,0.38,500.0,sell
1498937200,40635319,0.38,200.0,sell
1498937200,40635318,0.38,3.91765592,sell
1498937200,40635317,0.38,2.0,sell
1498937200,40635316,0.38,1000.0,sell
1498937200,40635315,0.38,100.0,sell
1498937200,40635314,0.38001,381.31505351,sell
1498937197,40635297,0.3806,1.0,buy
1498937190,40635271,0.38001,3363.10308171,sell
1498937123,40635103,0.38061,274.31046137,buy
1498937115,40635079,0.38061,53.29568617,buy
1498937079,40635007,0.38061,1.0,buy
1498937073,40634986,0.38061,1.0,buy
1498937067,40634977,0.38061,1.0,buy
1498937062,40634961,0.38061,1.0,buy
1498937051,40634941,0.38061,1.0,buy
1498937014,40634873,0.38001,7084.847,sell
1498936928,40634661,0.38001,7209.279,sell
1498936871,40634508,0.38001,334.58728906,sell
1498936838,40634368,0.3806,500.0,buy
1498936811,40634169,0.38001,1573.47351593,sell
1498936749,40633478,0.38001,54.39505979,sell
1498936749,40633477,0.3801,20.0,sell
1498936725,40633313,0.381,5.05,sell
1498936725,40633312,0.381,58.0126672,sell
1498936725,40633311,0.38101,386.42945901,sell
1498936724,40633305,0.381,60.588802,sell
1498936721,40633288,0.381,181.3985308,sell
1498936721,40633287,0.3812,121.5959722,sell
1498936719,40633266,0.3812,2.055497,sell
1498936717,40633257,0.3812,32.660454,sell
1498936717,40633248,0.3812,286.735838,sell
1498936717,40633247,0.3812,41.63258,sell
1498936715,40633235,0.3812,158.36742,sell
1498936710,40633211,0.38139,32.61751,sell
1498936707,40633195,0.3821,431.80887859,sell
1498936707,40633191,0.3821,158.36742,sell
1498936706,40633185,0.3821,320.569579,sell
1498936706,40633184,0.3821,306.0139192,sell
1498936702,40633160,0.3821,1093.426251,sell
1498936702,40633159,0.3821,158.36742,sell
1498936701,40633152,0.3821,114.78200309,sell
1498936699,40633142,0.3821,334.97600114,sell
1498936698,40633139,0.3821,305.15634217,sell
1498936698,40633132,0.3821,158.36742,sell
1498936697,40633130,0.3821,161.386947,sell
1498936697,40633126,0.3821,685.81867787,sell
1498936696,40633119,0.3821,158.36742,sell
1498936695,40633116,0.3821,1091.346774,sell
1498936694,40633107,0.3821,158.36742,sell
1498936693,40633102,0.3821,110.28824803,sell
1498936691,40633060,0.3821,303.91127201,sell
1498936691,40633059,0.3821,160.894287,sell
1498936689,40633048,0.3821,158.36742,sell
1498936687,40633036,0.3821,1025.38014336,sell
1498936687,40633035,0.3821,0.380506,sell
1498936686,40633017,0.3821,91.61290323,sell
1498936685,40633013,0.3821,158.36742,sell
1498936684,40633002,0.3821,1087.361058,sell
1498936684,40632998,0.3821,317.49330598,sell
1498936683,40632981,0.3821,316.921813,sell
1498936683,40632971,0.3821,158.36742,sell
1498936682,40632966,0.3821,303.98781662,sell
1498936677,40632949,0.3821,7248.164,sell
1498936670,40632865,0.3821,220.51555039,sell
1498936670,40632861,0.3821,61.351604,sell
1498936669,40632856,0.3821,157.36742,sell
1498936669,40632853,0.3821,218.63437025,sell
1498936669,40632852,0.383,1.0,sell
1498936629,40632497,0.38341,1.659052,sell
1498936629,40632496,0.38341,89.92904329,sell
1498936629,40632492,0.38341,118.4323305,sell
1498936616,40632382,0.38341,2.659052,sell
1498936412,40631984,0.38443,981.71216,buy
1498936315,40631850,0.38501,24.0,buy
1498936077,40631396,0.38341,58.97957421,sell
1498936077,40631395,0.384,0.00001586,sell
1498935801,40630789,0.3881,585.66220248,buy
1498935801,40630788,0.3875,54.33779752,buy
1498935499,40630035,0.388,297.47922539,buy
1498935499,40630034,0.38701,248.56579537,buy
1498935497,40630025,0.38701,21.16420463,buy
1498935483,40630002,0.38678,453.95497924,buy
1498935362,40629598,0.384,11907.17770941,sell
1498935086,40628769,0.3841,3000.0,sell
1498935085,40628762,0.3841,129.76183618,sell
1498935034,40628650,0.3869,128.0,buy
1498934996,40628556,0.384,431.83128466,sell
1498934942,40628482,0.384,2952.58035182,sell
1498934942,40628481,0.38401,270.0,sell
1498934942,40628480,0.38402,21.1571429,sell
1498934942,40628479,0.3841,0.397446,sell
1498934942,40628478,0.3842,0.7,sell
1498934942,40628477,0.3842,46.0,sell
1498934942,40628476,0.3842,46.0,sell
1498934942,40628475,0.3844,655.16505928,sell
1498934909,40628369,0.3885,281.97669,buy
1498934404,40627172,0.384,508.41063825,sell
1498934404,40627171,0.38401,465.80107038,sell
1498934404,40627170,0.385,25.78829137,sell
1498934151,40626835,0.3887,256.522814,buy
1498934151,40626834,0.388,101.89,buy
1498934151,40626830,0.38796,155.8362465,buy
1498934151,40626829,0.38775,692.7515435,buy
1498934042,40626368,0.3879,100.0,buy
1498933775,40625654,0.3841,223.418774,sell
1498933774,40625652,0.38421,1222.06833167,sell
1498933774,40625648,0.38421,692.7515435,sell
1498933773,40625639,0.38421,595.80326903,sell
1498933772,40625638,0.38421,598.76574469,sell
1498933769,40625628,0.3842,242.855507,sell
1498933769,40625627,0.3843,0.483704,sell
1498933751,40625537,0.38857,129.0,buy
1498933713,40625461,0.38846,33.178827,sell
1498933363,40624736,0.38401,390.61111111,sell
1498933363,40624735,0.387,608.88888889,sell
1498933337,40624693,0.39,1957.35716947,buy
1498933337,40624692,0.38996,555.4638,buy
1498933337,40624691,0.38989,2923.37323053,buy
1498933337,40624690,0.38985,555.4638,buy
1498933336,40624685,0.3894,219.73,buy
1498933336,40624684,0.38936,219.73,buy
1498933336,40624683,0.387,1000.0,buy
1498933309,40624651,0.3842,39.938,sell
1498933277,40624607,0.384,24.21170863,sell
1498933090,40624305,0.3831,153.88642222,sell
1498933090,40624304,0.385,10.38331948,sell
1498933090,40624303,0.387,0.218677,sell
1498933090,40624302,0.387,6.50870635,sell
1498933090,40624301,0.3871,29.00287495,sell
1498933069,40624283,0.3871,0.99712505,sell
1498933012,40624193,0.387,100.02912758,sell
1498932710,40623755,0.38869,1.0,buy
1498932310,40623274,0.38878,576.62676947,buy
1498932310,40623273,0.388,1000.0,buy
1498932228,40623184,0.3892,2.0,buy
1498932211,40623164,0.38929,257.14304905,buy
1498932211,40623163,0.38927,374.42476095,buy
1498932211,40623162,0.38924,374.43219,buy
1498932194,40623133,0.3894,50.0,buy
1498932171,40623105,0.386,2000.0,sell
1498932084,40623031,0.3857,627.0,sell
1498932083,40623030,0.38936,120.29803634,buy
1498932083,40623029,0.38927,373.70196366,buy
1498931956,40622914,0.3849,1000.0,sell
1498931951,40622907,0.38471,150.0,sell
1498931903,40622864,0.3822,12466.38480333,sell
1498931903,40622863,0.38251,3169.10058223,sell
1498931903,40622862,0.38321,270.0,sell
1498931903,40622861,0.3833,5000.0,sell
1498931903,40622860,0.3834,14257.5,sell
1498931903,40622859,0.38536,0.967481,sell
1498931903,40622858,0.3867,1669.746,sell
1498931903,40622857,0.38671,1837.654,sell
1498931903,40622856,0.38671,314.25573934,sell
1498931780,40622671,0.38591,4776.77452978,sell
1498931780,40622670,0.38591,333.71452543,sell
1498931780,40622669,0.38591,296.31094479,sell
1498931780,40622668,0.386,10418.2,sell
1498931771,40622618,0.38536,0.47,sell
1498931763,40622603,0.38789,88.0,buy
1498931693,40622499,0.38536,50.0,sell
1498931614,40622363,0.38799,317.10232728,buy
1498931613,40622358,0.38799,95.10454758,buy
1498931612,40622342,0.38799,114.29191466,buy
1498931612,40622335,0.38799,221.9977797,buy
1498931605,40622307,0.38799,10.08671412,buy
1498931588,40622212,0.38799,324.99154438,buy
1498931586,40622200,0.38799,185.0688157,buy
1498931584,40622182,0.38799,847.54130041,buy
1498931584,40622181,0.38798,384.18453109,buy
1498931563,40622081,0.38803,0.10059925,buy
1498931546,40622066,0.38806,0.10049395,buy
1498931402,40621826,0.38803,424.5733793,sell
1498931402,40621825,0.38804,291.43280364,sell
1498931358,40621785,0.38994,290.36614717,sell
1498931264,40621657,0.38994,55.40918497,sell
1498931220,40621607,0.38986,283.06161508,buy
1498931177,40621572,0.38803,12.9,sell
1498931097,40621387,0.3886,1.6169,buy
1498931073,40621315,0.389,20.0,buy
1498931071,40621312,0.3885,1008.84337007,buy
1498930862,40620839,0.38878,0.866519,sell
1498930768,40620563,0.3899,1051.0976452,buy
1498930768,40620562,0.38911,269.73,buy
1498930768,40620561,0.3891,149.6453498,buy
1498930545,40620232,0.3822,50.86,sell
1498930539,40620220,0.3821,2263.51096907,sell
1498930539,40620219,0.38211,270.0,sell
1498930539,40620218,0.3822,5000.0,sell
1498930539,40620217,0.383,1470.0,sell
1498930539,40620216,0.385,1000.0,sell
1498930539,40620215,0.385,1295.80683629,sell
1498930539,40620214,0.38501,39.51219464,sell
1498930536,40620198,0.385,2.89316371,sell
1498930536,40620197,0.385,12.1,sell
1498930536,40620196,0.38501,105.36585233,sell
1498930536,40620195,0.38501,693.413,sell
1498930536,40620194,0.3852,160.0,sell
1498930536,40620193,0.38599,50.0,sell
1498930454,40620021,0.39,1001.0,sell
1498930454,40620020,0.39,100.0,sell
1498930454,40620019,0.39,10.49,sell
1498930454,40620018,0.39,48107.28219271,sell
1498930454,40620017,0.39011,3091.0,sell
1498930454,40620016,0.39011,2942.55565825,sell
1498930454,40620015,0.39011,1.120133,sell
1498930055,40619392,0.3902,20.0,sell
1498929540,40618802,0.39011,100.0,sell
1498929438,40618578,0.39011,5.68346,sell
1498929438,40618577,0.39011,0.1,sell
1498929438,40618576,0.392,0.215412,sell
1498929438,40618575,0.392,4.591128,sell
1498929438,40618574,0.392,41.33242058,sell
1498929180,40618009,0.392,58.66757942,sell
1498929180,40618008,0.393,0.897182,sell
1498929180,40618007,0.3936,67.53452091,sell
1498929180,40618006,0.394,100.0,sell
1498929178,40618003,0.39539,0.1,buy
1498929170,40617989,0.39549,0.1,buy
1498929160,40617980,0.3956,0.1,buy
1498929152,40617972,0.3957,0.1,buy
1498929145,40617965,0.396,0.1,buy
1498929137,40617945,0.3962,0.1,buy
1498929130,40617936,0.3963,0.1,buy
1498929124,40617929,0.3964,0.1,buy
1498929118,40617919,0.39649,0.1,buy
1498929111,40617911,0.3965,0.1,buy
1498929105,40617907,0.3966,0.1,buy
1498929097,40617903,0.39669,0.1,buy
1498929089,40617902,0.3967,0.1,buy
1498929082,40617898,0.3968,0.1,buy
1498929075,40617892,0.3969,0.1,buy
1498929068,40617889,0.3969,0.1,buy
1498929060,40617872,0.39729,0.1,buy
1498929053,40617844,0.39749,0.1,buy
1498929042,40617825,0.3976,0.1,buy
1498929039,40617824,0.3976,0.1,buy
1498929033,40617818,0.39769,0.1,sell
1498929030,40617811,0.3975,214.86291876,sell
1498929030,40617810,0.3975,422.17265224,sell
1498929025,40617792,0.39768,0.1,buy
1498929005,40617756,0.39769,0.1,buy
1498928999,40617752,0.39769,0.1,buy
1498928995,40617749,0.39769,0.1,buy
1498928987,40617735,0.3977,0.1,buy
1498928978,40617728,0.3977,0.1,buy
1498928969,40617711,0.3977,0.1,buy
1498928962,40617707,0.3977,0.1,buy
1498928954,40617703,0.3977,0.1,buy
1498928949,40617701,0.3977,0.1,buy
1498928944,40617698,0.3977,0.1,buy
1498928939,40617687,0.3977,0.1,buy
1498928939,40617686,0.3977,10.0,buy
1498928935,40617682,0.3977,10.0,sell
1498928935,40617681,0.39771,100.36759834,sell
1498928932,40617674,0.398,0.1,buy
1498928911,40617654,0.398,18.3,buy
1498928899,40617641,0.3975,230.10045872,sell
1498928692,40617444,0.399,1000.0,buy
1498928385,40617148,0.3975,4.11444046,sell
1498928359,40617127,0.3975,1.32082118,sell
1498928359,40617126,0.3975,1.76583205,sell
1498928350,40617113,0.3975,4.11444046,sell
1498928314,40617076,0.3975,4.11972749,sell
1498928039,40616667,0.397,10.0,sell
1498928039,40616666,0.3975,10.0,sell
1498927971,40616597,0.395,368.38429845,buy
1498927971,40616596,0.395,1238.38788532,buy
1498927971,40616594,0.395,1694.76592144,buy
1498927970,40616590,0.395,210.06945266,buy
1498927970,40616586,0.395,909.60577106,sell
1498927970,40616585,0.3956,217.75018574,sell
1498927970,40616584,0.396,100.0,sell
1498927970,40616583,0.397,10.0,sell
1498927970,40616582,0.39701,245.70815291,sell
1498927970,40616581,0.39701,2.22748,sell
1498927970,40616580,0.39701,3.10085242,sell
1498927806,40616391,0.3995,8.51009363,buy
1498927772,40616374,0.39699,3.55564796,sell
1498927772,40616373,0.398,100.0,sell
1498927772,40616372,0.3985,1.0,sell
1498927772,40616371,0.39851,184.36360886,sell
1498927505,40616000,0.3994,200.0,sell
1498927505,40615999,0.3994,250.0,sell
1498927332,40615729,0.40069,4.0,buy
1498927308,40615676,0.4014,276.0,buy
1498927180,40615520,0.3999,600.0,buy
1498927147,40615485,0.39999,3000.0,buy
1498927081,40615420,0.4006,2824.64249079,buy
1498927081,40615419,0.4,155.35118721,buy
1498927081,40615418,0.4,10.0,buy
1498927081,40615417,0.3995,10.006322,buy
1498926881,40615300,0.3983,2110.33609952,buy
1498926668,40615219,0.39799,20.0,buy
1498926336,40614828,0.39617,4.24700925,buy
1498926336,40614821,0.39616,0.13441271,buy
1498926335,40614817,0.39617,7.90048034,buy
1498926335,40614812,0.39617,1.03049744,buy
1498925811,40613865,0.39273,1.0,sell
1498925766,40613818,0.3921,67.53452091,buy
1498925766,40613814,0.3921,2.39751639,buy
1498925766,40613811,0.3921,93.12041319,buy
1498925681,40613739,0.39521,19.392109,buy
1498925640,40613694,0.39521,1.0,buy
1498925442,40613516,0.39151,29.4872467,sell
1498925423,40613425,0.3901,25500.67677018,sell
1498925423,40613424,0.3901,25516.0,sell
1498925423,40613423,0.39014,596.62385,sell
1498925423,40613422,0.39052,39.23929703,sell
1498925423,40613421,0.39081,51.29232949,sell
1498925423,40613420,0.3911,15309.6,sell
1498925423,40613419,0.3912,4781.955,sell
1498925423,40613418,0.3912,5000.0,sell
1498925423,40613417,0.3913,15312.1,sell
1498925404,40613370,0.3901,14994.07109195,sell
1498925404,40613369,0.39054,768.16902,sell
1498925404,40613368,0.3951,459.36553482,sell
1498925389,40613324,0.39,1536.39288646,sell
1498925389,40613323,0.392,10.491,sell
1498925389,40613322,0.3921,50000.0,sell
1498925389,40613321,0.393,1.649357,sell
1498925389,40613320,0.39341,3500.0,sell
1498925389,40613319,0.3935,5000.0,sell
1498925389,40613318,0.394,10.0,sell
1498925389,40613317,0.39401,97.77237168,sell
1498925389,40613316,0.3941,142.35429,sell
1498925389,40613315,0.39414,761.152,sell
1498925389,40613314,0.39496,142.37246098,sell
1498925389,40613313,0.39496,89.07350857,sell
1498925350,40613046,0.3965,1487.722,sell
1498925350,40613045,0.3965,5000.0,sell
1498925350,40613044,0.3966,1943.9,sell
1498925350,40613043,0.3966,16090.5,sell
1498925350,40613042,0.3967,10727.5,sell
1498925337,40613032,0.3951,1000.0,sell
1498925329,40613027,0.3944,5000.0,sell
1498925329,40613026,0.39444,760.57303,sell
1498925329,40613025,0.40019,98.0,sell
1498925329,40613024,0.4002,17.301,sell
1498925329,40613023,0.403,6158.77856213,sell
1498925325,40613013,0.403,1821.08405256,sell
1498925325,40613012,0.40301,118.42794744,sell
1498925203,40612911,0.403,138.50566953,sell
1498925203,40612910,0.40306,146.63664122,sell
1498925203,40612909,0.40306,628.38768925,sell
1498925156,40612800,0.40306,4.16799799,sell
1498924924,40612535,0.403,3.41437195,sell
1498924924,40612532,0.403,26.17685157,sell
1498924924,40612530,0.403,0.44535286,sell
1498924923,40612521,0.403,108.92113547,sell
1498924923,40612516,0.403,105.13395693,sell
1498924922,40612514,0.403,0.24712662,sell
1498924922,40612511,0.403,110.52538682,sell
1498924922,40612510,0.403,109.81756852,sell
1498924921,40612508,0.403,5.98633173,sell
1498924921,40612507,0.403,9.48059982,sell
1498924921,40612502,0.403,0.10184685,sell
1498924921,40612501,0.403,45.89520995,sell
1498924920,40612499,0.403,0.78082588,sell
1498924920,40612495,0.403,80.92038136,sell
1498924919,40612491,0.403,78.11417778,sell
1498924919,40612488,0.403,0.16490859,sell
1498924919,40612487,0.403,91.23193327,sell
1498924919,40612486,0.403,72.77637834,sell
1498924919,40612482,0.403,9.69296052,sell
1498924919,40612481,0.403,1.2642992,sell
1498924919,40612480,0.403,74.31269731,sell
1498924919,40612479,0.403,163.133916,sell
1498924918,40612474,0.403,289.6527864,sell
1498924918,40612472,0.403,275.63512489,sell
1498924918,40612470,0.403,62.72979794,sell
1498924917,40612466,0.403,214.9134099,sell
1498924916,40612462,0.403,160.57297935,sell
1498924915,40612459,0.403,376.99743391,sell
1498924915,40612457,0.403,6.413945,sell
1498924915,40612454,0.403,29.18810719,sell
1498924915,40612451,0.403,0.10912194,sell
1498924915,40612450,0.403,0.83660152,sell
1498924915,40612447,0.403,49.17357834,sell
1498924914,40612444,0.403,148.65157937,sell
1498924914,40612443,0.403,236.09368136,sell
1498924914,40612441,0.403,110.5324923,sell
1498924912,40612434,0.403,171.59285903,sell
1498924651,40612158,0.40013,1.0,sell
1498924636,40612137,0.40013,0.999,sell
1498924615,40612113,0.40487,632.55568724,buy
1498924615,40612112,0.4047,0.1,buy
1498924615,40612111,0.4043,0.1,buy
1498924615,40612110,0.4042,0.1,buy
1498924615,40612109,0.404,10.0,buy
1498924615,40612108,0.404,0.125,buy
1498924615,40612107,0.4039,0.1,buy
1498924615,40612106,0.4037,1.01,buy
1498924615,40612105,0.4022,0.1,buy
1498924615,40612104,0.4021,0.1,buy
1498924615,40612103,0.402,10.0,buy
1498924615,40612102,0.402,0.1,buy
1498924615,40612101,0.40099,1747.03112662,buy
1498924615,40612100,0.40098,98.57818614,buy
1498924611,40612095,0.4001,98.57818614,sell
1498924610,40612091,0.40099,143.06018333,buy
1498924610,40612090,0.40099,6848.551,buy
1498924610,40612089,0.40099,10.92197062,buy
1498924588,40612061,0.40099,1262.04263697,buy
1498924588,40612060,0.40093,19.3,buy
1498924586,40612034,0.40092,887.59024229,buy
1498924586,40612033,0.40092,1.998,buy
1498924573,40612007,0.40001,1.998,sell
1498924531,40611925,0.40091,135.0,buy
1498924469,40611836,0.40093,1221.71490536,buy
1498924469,40611835,0.40092,233.69509464,buy
1498924468,40611834,0.40001,448.0656246,sell
1498924406,40611768,0.40087,0.17407897,buy
1498924388,40611741,0.40001,87.92035784,sell
1498924372,40611724,0.40001,87.26439038,sell
1498924365,40611718,0.40001,68.25132858,sell
1498924352,40611704,0.40001,87.82722563,sell
1498924350,40611701,0.40001,67.43335515,sell
1498924346,40611695,0.40001,153.61974242,sell
1498924340,40611676,0.40001,144.62142119,sell
1498924340,40611675,0.40001,475.65734008,sell
1498924338,40611666,0.40001,352.60975498,sell
1498924246,40611573,0.40001,6.10782,sell
1498924246,40611568,0.40001,35.5210541,sell
1498924246,40611567,0.40001,35.5210541,sell
1498924246,40611566,0.40001,58.88095177,sell
1498924242,40611535,0.4,10.0,buy
1498924242,40611534,0.3997,3565.44525377,buy
1498924219,40611523,0.3997,1229.75474623,buy
1498924219,40611522,0.39969,0.32685366,buy
1498924212,40611510,0.3985,35.5246284,sell
1498924212,40611508,0.3985,58.88095177,sell
1498924212,40611506,0.3985,58.88095177,sell
1498924212,40611505,0.3985,35.52820269,sell
1498924171,40611411,0.398,5.05,buy
1498924128,40611260,0.393,2674.03507093,sell
1498924128,40611259,0.39301,177.1486208,sell
1498924128,40611258,0.395,40.7267382,sell
1498924128,40611257,0.39501,2108.08957007,sell
1498924126,40611245,0.39501,35.72165581,sell
1498924126,40611244,0.39501,58.88095177,sell
1498924126,40611239,0.3979,5264.09613372,buy
1498924125,40611231,0.39501,35.72165581,sell
1498924125,40611225,0.39501,58.88095177,sell
1498924119,40611128,0.39745,754.73596461,buy
1498924119,40611127,0.39745,250.23826,buy
1498924119,40611125,0.395,58.88095177,sell
1498924119,40611123,0.395,36.08924077,sell
1498924108,40611055,0.39706,541.5698311,buy
1498924106,40611042,0.3971,213.90368859,buy
1498924105,40611032,0.39728,213.89658971,buy
1498924105,40611031,0.39727,0.00709888,buy
1498924105,40611030,0.39727,213.90025952,buy
1498924105,40611029,0.3972,0.00342907,buy
1498924105,40611028,0.3972,5627.79657093,buy
1498924104,40611021,0.3973,5461.2926366,buy
1498924104,40611020,0.39729,213.9073584,buy
1498924095,40610963,0.3964,5558.32067658,buy
1498924094,40610956,0.39649,3499.99627317,buy
1498924093,40610947,0.3965,5828.499995,buy
1498924092,40610939,0.39636,0.00391343,buy
1498924091,40610924,0.39636,756.80738657,buy
1498924091,40610923,0.3964,2771.41011521,buy
1498924090,40610918,0.3964,759.39118013,buy
1498924081,40610886,0.3964,756.62041977,buy
1498924081,40610885,0.39602,0.000005,buy
1498924050,40610808,0.39602,259.739995,buy
1498924044,40610793,0.395,11.0,buy
1498923902,40610607,0.3921,37.00237741,sell
1498923902,40610606,0.3921,58.88095177,sell
1498923902,40610605,0.3921,37.00237741,buy
1498923902,40610604,0.3921,58.88095177,buy
1498923898,40610602,0.3922,37.00237741,sell
1498923898,40610601,0.3922,58.88095177,sell
1498923897,40610600,0.3921,1510.63545321,sell
1498923897,40610599,0.39211,2488.76454679,sell
1498923895,40610595,0.39211,37.00237741,sell
1498923895,40610594,0.39211,58.88095177,sell
1498923886,40610591,0.392,37.00237741,sell
1498923886,40610590,0.392,58.88095177,sell
1498923886,40610588,0.39212,37.00237741,sell
1498923886,40610587,0.39212,37.00237741,sell
1498923886,40610586,0.39212,58.88095177,sell
1498923886,40610584,0.3922,58.88095177,sell
1498923886,40610582,0.3922,37.00237741,sell
1498923885,40610580,0.3922,58.88095177,sell
1498923885,40610578,0.3922,58.88095177,sell
1498923885,40610577,0.3922,36.99868954,sell
1498923885,40610576,0.3922,58.88095177,sell
1498923885,40610575,0.3922,37.00237741,sell
1498923835,40610449,0.3922,15.00956579,sell
1498923835,40610448,0.3922,58.88095177,sell
1498923835,40610447,0.3922,58.88095177,sell
1498923835,40610446,0.3922,58.88095177,sell
1498923816,40610423,0.392,14.73003553,sell
1498923797,40610406,0.39205,49.89858503,sell
1498923769,40610383,0.39206,37.13532132,sell
1498923769,40610382,0.39206,58.88095177,sell
1498923752,40610371,0.39205,6.9,sell
1498923676,40610336,0.39201,225.09581041,sell
1498923659,40610323,0.392,126.003469,sell
1498923659,40610322,0.39211,112.39120913,sell
1498923592,40610298,0.392,126.17960026,sell
1498923592,40610297,0.39311,98.96523337,sell
1498923557,40610267,0.3929,237.98243766,sell
1498923525,40610233,0.3925,82.83121113,sell
1498923521,40610231,0.3923,72.39031338,sell
1498923467,40610183,0.3919,58.88095177,sell
1498923467,40610182,0.3919,37.19081983,sell
1498923169,40609933,0.39011,20.04280077,sell
1498923146,40609885,0.39011,224.97782475,sell
1498923120,40609850,0.39011,37.13162008,sell
1498922999,40609694,0.39011,37.09835571,sell
1498922999,40609693,0.39011,58.88095177,sell
1498922998,40609691,0.39011,37.09835571,sell
1498922997,40609688,0.39011,37.09835571,sell
1498922996,40609685,0.39011,37.09835571,sell
1498922995,40609682,0.39011,37.09835571,sell
1498922995,40609681,0.39011,58.88095177,sell
1498922995,40609680,0.39011,58.88095177,sell
1498922995,40609679,0.39011,37.09835571,sell
1498922994,40609676,0.39011,58.88095177,sell
1498922994,40609675,0.39011,37.09835571,sell
1498922993,40609674,0.39011,58.88095177,sell
1498922993,40609673,0.39011,37.09835571,sell
1498922993,40609671,0.39011,58.88095177,sell
1498922993,40609669,0.39011,37.09835571,sell
1498922992,40609668,0.39011,37.09835571,sell
1498922992,40609667,0.39011,58.88095177,sell
1498922980,40609660,0.39011,58.88095177,sell
1498922980,40609659,0.39011,58.82194493,sell
1498922979,40609656,0.39011,37.03534207,sell
1498922979,40609655,0.39011,58.82194493,sell
1498922979,40609653,0.39011,37.07249382,sell
1498922979,40609652,0.39011,58.88095177,sell
1498922975,40609633,0.39011,36.96603031,sell
1498922975,40609632,0.39011,48.65158641,sell
1498922975,40609631,0.39012,10.17429002,sell
1498922974,40609625,0.39012,37.03189378,sell
1498922974,40609624,0.39012,58.88095177,sell
1498922974,40609622,0.39012,37.03558166,sell
1498922974,40609621,0.39012,58.88095177,sell
1498922965,40609601,0.39011,58.88095177,sell
1498922964,40609597,0.39011,58.88095177,sell
1498922964,40609596,0.39011,1.91585791,sell
1498922964,40609594,0.39011,58.88095177,sell
1498922964,40609593,0.39011,37.04296409,sell
1498922964,40609592,0.39011,58.91247051,sell
1498922964,40609591,0.39011,58.91247051,sell
1498922963,40609590,0.39011,58.91247051,sell
1498922963,40609589,0.39011,37.04296409,sell
1498922963,40609588,0.39011,58.88095177,sell
1498922963,40609583,0.39011,58.91247051,sell
1498922963,40609581,0.39011,58.91247051,sell
1498922963,40609580,0.39011,12.41451139,sell
1498922963,40609578,0.39011,58.91247051,sell
1498922963,40609573,0.39011,58.91247051,sell
1498922963,40609568,0.39011,58.91247051,sell
1498922963,40609566,0.39011,37.03926953,sell
1498922963,40609563,0.39011,58.88095177,sell
1498922962,40609561,0.39011,58.91247051,sell
1498922962,40609557,0.39011,37.06279305,sell
1498922940,40609535,0.39011,58.9400771,sell
1498922940,40609534,0.39011,36.81121726,sell
1498922939,40609525,0.39011,58.9400771,sell
1498922939,40609524,0.39011,36.81121726,sell
1498922939,40609520,0.39011,36.81121726,sell
1498922939,40609518,0.39011,58.9400771,sell
1498922938,40609515,0.39011,58.9400771,sell
1498922938,40609514,0.39011,36.81121726,sell
1498922938,40609510,0.39011,58.97165919,sell
1498922937,40609505,0.39011,58.97165919,sell
1498922937,40609504,0.39011,11.50864069,sell
1498922937,40609502,0.39011,36.81121726,sell
1498922937,40609500,0.39011,58.9400771,sell
1498922935,40609493,0.39011,33.39875144,sell
1498922935,40609492,0.39011,58.9400771,sell
1498922935,40609490,0.39011,36.81121726,sell
1498922916,40609464,0.39011,36.81121726,sell
1498922916,40609463,0.39011,58.9400771,sell
1498922912,40609451,0.39011,58.97166003,sell
1498922911,40609441,0.39011,36.7953781,sell
1498922911,40609435,0.39011,36.7953781,sell
1498922911,40609429,0.39011,58.97166003,sell
1498922911,40609427,0.39011,95.88994313,sell
1498922910,40609425,0.39011,36.7953781,sell
1498922910,40609423,0.39011,58.97165919,sell
1498922910,40609420,0.39011,58.97165919,sell
1498922910,40609419,0.39011,36.82239316,sell
1498922909,40609411,0.39012,36.80888769,sell
1498922909,40609410,0.39012,58.97165919,sell
1498922909,40609403,0.39012,36.82736117,sell
1498922908,40609401,0.39012,58.99536798,sell
1498922864,40609342,0.39011,108.60914541,sell
1498922864,40609341,0.39011,87.34951482,sell
1498922860,40609325,0.39011,184.56524525,sell
1498922840,40609300,0.39011,37.08154844,sell
1498922840,40609299,0.39011,58.97165919,sell
1498922809,40609198,0.39044,10.0,buy
1498922781,40609167,0.39,164.76888281,sell
1498922781,40609165,0.39,191.55603802,sell
1498922292,40608256,0.386,9754.79355441,buy
1498922284,40608245,0.386,87.43094422,buy
1498922282,40608234,0.386,87.50294233,buy
1498922282,40608230,0.386,59.05923645,buy
1498922282,40608229,0.38599,28.42248291,buy
1498922280,40608220,0.38599,87.51183323,buy
1498922280,40608212,0.38599,244.45519267,buy
1498922271,40608193,0.38599,87.43563286,buy
1498922239,40608141,0.38599,193.33341203,buy
1498922231,40608083,0.38599,0.1011011,buy
1498922226,40608044,0.38599,3000.0,buy
1498922209,40608026,0.38599,37.88515124,buy
1498922207,40608020,0.38599,87.22327119,buy
1498922204,40608006,0.38599,87.21957965,buy
1498922204,40608005,0.38599,87.21957965,buy
1498922204,40608001,0.38599,87.21957965,buy
1498922202,40607996,0.38599,87.2122558,buy
1498922200,40607989,0.38599,319.29834565,buy
1498922192,40607983,0.38599,87.21957965,buy
1498922169,40607966,0.38599,253.19318461,buy
1498922169,40607965,0.38598,66.26714889,buy
1498922165,40607955,0.38598,87.21148654,buy
1498922164,40607950,0.38598,87.21037426,buy
1498922158,40607946,0.38598,20.02002002,buy
1498922151,40607938,0.38598,10.01001001,buy
1498922146,40607930,0.38598,4.27146484,buy
1498922135,40607920,0.38598,244.45519267,buy
1498922133,40607915,0.38598,244.45519267,buy
1498922119,40607899,0.38598,85.45926358,buy
1498922097,40607886,0.38598,87.21607212,buy
1498922097,40607884,0.38598,87.21607212,buy
1498922097,40607879,0.38598,186.81982136,buy
1498922096,40607873,0.38598,87.21269822,buy
1498922061,40607859,0.38598,74.85534477,buy
1498922061,40607855,0.38598,156.35466949,buy
1498922059,40607849,0.38598,319.10936299,buy
1498922050,40607842,0.38598,225.42868212,buy
1498922043,40607832,0.38598,1309.50520407,buy
1498922042,40607822,0.38598,166.38425179,buy
1498922042,40607821,0.38598,86.89739108,buy
1498922042,40607816,0.38598,86.96549839,buy
1498921884,40607638,0.38422,165.06145164,sell
1498921884,40607637,0.38422,82.55197472,sell
1498921835,40607599,0.38599,600.0,buy
1498921797,40607589,0.38599,2000.0,buy
1498921427,40607361,0.38599,576.674778,buy
1498921277,40607187,0.38599,100.0,buy
1498921223,40607145,0.386,2.58012985,buy
1498921222,40607143,0.386,0.27319274,buy
1498921204,40607122,0.386,8.36,buy
1498921158,40607084,0.3821,107.55518244,sell
1498921158,40607083,0.38402,609.852,sell
1498921158,40607082,0.38403,82.59281756,sell
1498921124,40607063,0.385,77.43230508,buy
1498921122,40607058,0.385,119.16769492,buy
1498921122,40607057,0.385,200.0,buy
1498921114,40607038,0.3813,2316.0789215,sell
1498921114,40607037,0.3819,1.0,sell
1498921114,40607036,0.382,4.5,sell
1498921114,40607035,0.382,20000.0,sell
1498921114,40607034,0.382,1304.71898071,sell
1498921114,40607033,0.38231,1500.0,sell
1498921114,40607032,0.3825,40.0,sell
1498921114,40607031,0.383,2000.0,sell
1498921114,40607030,0.3834,36.48278169,sell
1498921114,40607029,0.3834,25.0,sell
1498921114,40607028,0.38341,82.72637575,sell
1498921114,40607027,0.384,100.0,sell
1498921114,40607026,0.38401,1062.54001197,sell
1498921114,40607025,0.38472,2476.86298281,sell
1498921084,40607009,0.385,80.0,buy
1498921082,40607003,0.385,169.81473034,buy
1498921080,40606996,0.385,317.892057,buy
1498921079,40606994,0.385,317.892057,buy
1498921078,40606990,0.385,317.892057,buy
1498921077,40606982,0.385,317.892057,buy
1498921075,40606979,0.385,233.9937911,buy
1498921074,40606974,0.385,317.892057,buy
1498921070,40606969,0.385,87.26396316,buy
1498921070,40606967,0.385,317.892057,buy
1498921068,40606960,0.385,83.89267157,buy
1498921067,40606956,0.385,317.87086419,buy
1498921057,40606943,0.385,87.23826381,buy
1498921050,40606930,0.38473,66.94498056,sell
1498921043,40606916,0.385,317.61677078,buy
1498921043,40606912,0.38472,495.21033158,sell
1498921043,40606911,0.38473,82.44254342,sell
1498921042,40606906,0.385,87.18686511,buy
1498921042,40606896,0.385,405.55256491,buy
1498921042,40606884,0.385,40.50593496,buy
1498921041,40606876,0.385,4602.16490224,buy
1498921041,40606875,0.385,86.74121088,buy
1498921041,40606871,0.385,86.33422917,buy
1498921041,40606867,0.385,287.0,buy
1498921041,40606865,0.385,668.826,buy
1498921041,40606858,0.385,86.75750968,buy
1498921041,40606854,0.385,23.93272878,buy
1498921041,40606853,0.385,87.00696971,buy
1498921040,40606830,0.385,0.36122196,buy
1498921040,40606828,0.385,997.61916021,buy
1498921040,40606827,0.385,81.91451597,buy
1498921040,40606825,0.385,5000.0,buy
1498921040,40606824,0.38472,100.0,sell
1498921040,40606823,0.385,11.1,sell
1498921040,40606822,0.385,200.0,sell
1498921040,40606821,0.385,500.0,sell
1498921040,40606820,0.385,367.23190688,sell
1498921040,40606819,0.38524,677.64966,sell
1498921040,40606818,0.3855,1.01,sell
1498921040,40606817,0.3855,100.0,sell
1498921040,40606816,0.38551,1013.84421291,sell
1498921040,40606815,0.38554,101.01,sell
1498921040,40606814,0.38571,2618.35969901,sell
1498921040,40606813,0.3872,4.5051281,sell
1498921040,40606812,0.3873,2915.04573503,sell
1498921040,40606811,0.3876,1000.0,sell
1498921040,40606810,0.3885,2000.0,sell
1498921040,40606809,0.389,2198.76785766,sell
1498921040,40606808,0.39,524.6,sell
1498921040,40606807,0.39,703.0,sell
1498921040,40606806,0.39002,260.0,sell
1498921040,40606805,0.3903,301.98807904,sell
1498921040,40606804,0.3903,412.56951141,sell
1498921005,40606784,0.3926,3.4,buy
1498920896,40606726,0.3903,86.22889214,sell
1498920896,40606723,0.3903,43.981808,sell
1498920884,40606692,0.3903,457.21978845,sell
1498920884,40606691,0.39031,17.27780155,sell
1498920882,40606682,0.39031,469.00497162,buy
1498920882,40606673,0.39031,7.89043877,buy
1498920882,40606670,0.39031,81.25975387,buy
1498920881,40606668,0.39031,1000.0,sell
1498920881,40606667,0.39032,81.26183574,sell
1498920881,40606666,0.39032,951.393,sell
1498920824,40606573,0.39032,0.228536,sell
1498920824,40606572,0.39509,199.771464,buy
1498920824,40606571,0.39509,0.228536,buy
1498920811,40606541,0.396,1.30079455,buy
1498920811,40606540,0.39599,200.0,buy
1498920811,40606534,0.396,0.228536,sell
1498920810,40606533,0.396,199.771464,sell
1498920779,40606505,0.3941,30.0,buy
1498920775,40606494,0.3944,2755.78926252,buy
1498920775,40606493,0.39439,244.21073748,buy
1498920764,40606491,0.39479,10.0,buy
1498920750,40606476,0.39569,50.0,buy
1498920703,40606403,0.39279,5.78926252,buy
1498920703,40606402,0.39279,244.21073748,buy
1498920646,40606251,0.39256,5.958434,sell
1498920646,40606250,0.39256,5.436053,sell
1498920646,40606249,0.3967,250.0,buy
1498920086,40605196,0.39257,16.10303173,sell
1498920042,40604992,0.3945,74.19456133,sell
1498920041,40604990,0.3945,85.27672971,sell
1498920041,40604983,0.3945,85.28791501,sell
1498920041,40604978,0.3945,80.48123814,sell
1498920040,40604969,0.3945,85.33268557,sell
1498920040,40604964,0.3945,85.33268557,sell
1498920039,40604963,0.3945,85.38871491,sell
1498920039,40604958,0.3945,85.33268557,sell
1498920038,40604951,0.3945,80.48127125,sell
1498920038,40604948,0.3945,80.48127125,sell
1498920036,40604937,0.3945,80.48127125,sell
1498920036,40604933,0.3945,85.37299197,sell
1498920035,40604928,0.3945,6.55597847,sell
1498919964,40604847,0.39429,42.6883313,buy
1498919364,40604425,0.39789,20.0,buy
1498919227,40604325,0.39459,764.123706,buy
1498919227,40604324,0.39459,113.748894,buy
1498919101,40604187,0.39179,154.77457127,sell
1498919096,40604168,0.39179,5.0,buy
1498919096,40604167,0.39178,154.77457127,buy
1498919030,40604095,0.391,5.05,sell
1498918997,40604050,0.39178,55.19385214,buy
1498918958,40603991,0.3918,46.0,buy
1498918593,40603435,0.3911,64.90132233,buy
1498918593,40603434,0.3911,16.12273963,buy
1498918566,40603409,0.3911,79.33978178,buy
1498918517,40603341,0.3911,46.06184141,buy
1498918434,40603251,0.3911,240.24024024,buy
1498918425,40603241,0.3911,432.0,buy
1498918418,40603233,0.3911,20.0,buy
1498918407,40603226,0.3911,100.0,buy
1498918405,40603220,0.3911,100.1001001,buy
1498918402,40603212,0.3911,100.0,buy
1498918318,40603112,0.3911,141.05975771,sell
1498918315,40603093,0.3907,19.21651961,sell
1498918148,40602876,0.3891,97.63665126,sell
1498918146,40602875,0.3891,7298.07849963,sell
1498918126,40602827,0.3894,141.27988535,sell
1498918123,40602820,0.38939,160.14458666,buy
1498918116,40602800,0.38939,97.63665126,buy
1498918116,40602799,0.38939,444.91628848,buy
1498918094,40602757,0.39719,2.8,buy
1498918061,40602704,0.3891,13.02629588,sell
1498918040,40602684,0.391,84.61035538,sell
1498918039,40602682,0.391,97.63665126,sell
1498918038,40602673,0.391,97.63665126,sell
1498918037,40602671,0.391,97.63665126,sell
1498918036,40602669,0.39073,97.63665126,buy
1498918036,40602668,0.39073,97.63665126,buy
1498918036,40602667,0.39073,97.63665126,buy
1498918036,40602666,0.39066,444.91628848,buy
1498917971,40602587,0.39072,97.63665126,buy
1498917957,40602567,0.39091,97.63665126,sell
1498917951,40602564,0.3908,503.14458666,sell
1498917951,40602562,0.3908,43.13243208,sell
1498917951,40602561,0.39081,97.63665126,sell
1498917902,40602505,0.38976,97.63665126,buy
1498917901,40602502,0.38976,75.85515204,buy
1498917622,40602174,0.3895,84.65344858,buy
1498917611,40602154,0.3895,0.381392,sell
1498917561,40601955,0.3897,79.07232666,buy
1498917561,40601954,0.3897,11.62144949,buy
1498917561,40601952,0.3897,139.65249257,buy
1498917561,40601950,0.3897,8.61736015,buy
1498917552,40601929,0.389,2101.23214234,sell
1498917552,40601928,0.3895,0.64384366,sell
1498917551,40601921,0.3895,2101.23214207,sell
1498917550,40601920,0.3895,35.01941227,sell
1498917550,40601917,0.3895,35.5939291,sell
1498917549,40601911,0.3895,141.22664277,sell
1498917535,40601869,0.38977,1.0,buy
1498917532,40601867,0.3895,125.88042078,sell
1498917525,40601843,0.3895,141.2266375,sell
1498917503,40601809,0.3895,250.63466617,sell
1498917501,40601807,0.3895,0.24347324,sell
1498917472,40601782,0.38978,6.0,buy
1498917462,40601772,0.38978,1.01,buy
1498917449,40601748,0.3895,0.1217546,sell
1498917404,40601702,0.3895,141.21991872,sell
1498917391,40601693,0.3895,120.99745937,sell
1498917368,40601655,0.38992,20.23880964,sell
1498917359,40601650,0.3902,444.91628848,sell
1498917323,40601597,0.39175,528.394433,buy
1498917277,40601543,0.3895,3838.8119387,sell
1498917277,40601542,0.39,420.58974359,sell
1498917277,40601541,0.39,933.91442507,sell
1498917267,40601527,0.39,66.08557493,sell
1498917240,40601468,0.39017,35.96842029,buy
1498917230,40601442,0.39187,11.0,buy
1498917223,40601429,0.39017,105.15436703,sell
1498917162,40601328,0.3912,71.63260416,sell
1498917153,40601313,0.3912,249.99247728,sell
1498917142,40601303,0.3912,246.47776884,sell
1498917141,40601300,0.3912,246.47776884,sell
1498917141,40601298,0.3912,249.99247728,sell
1498917137,40601291,0.3912,140.61294698,sell
1498917135,40601288,0.3912,141.24717144,sell
1498917129,40601274,0.39204,8.61736015,buy
1498917128,40601270,0.39204,11.62144949,buy
1498917128,40601269,0.39204,20.51797454,buy
1498917126,40601258,0.3912,140.61293849,sell
1498917119,40601227,0.3912,140.96970252,sell
1498917117,40601221,0.3912,140.61296755,sell
1498917108,40601190,0.3912,140.61292244,sell
1498917103,40601180,0.3912,140.75825418,sell
1498917094,40601157,0.39121,94.61556537,sell
1498917094,40601156,0.392,1.01,sell
1498917094,40601155,0.39203,45.12727191,sell
1498917088,40601136,0.39203,1.01,sell
1498917086,40601130,0.39203,1.01,sell
1498917070,40601091,0.39209,57.2625801,buy
1498917067,40601085,0.39203,58.2725801,sell
1498917065,40601079,0.39203,140.51506428,sell
1498917061,40601050,0.3921,57.2625801,sell
1498917060,40601047,0.39203,57.2625801,sell
1498917057,40601042,0.39203,1.01,sell
1498917047,40601019,0.39203,1.01,sell
1498917045,40601012,0.39211,57.2625801,sell
1498917044,40601011,0.39212,93.28889028,sell
1498917035,40600991,0.39211,189.10255286,sell
1498917026,40600961,0.3922,48.33036126,sell
1498917011,40600940,0.39203,140.42340936,sell
1498917010,40600934,0.3921,164.16236882,sell
1498917002,40600910,0.39203,3.31600068,sell
1498916820,40600570,0.39561,54.84028792,buy
1498916819,40600564,0.39562,12.32286763,buy
1498916819,40600563,0.39562,42.51742029,buy
1498916807,40600529,0.39562,54.84028792,sell
1498916807,40600527,0.39563,74.86030794,sell
1498916807,40600525,0.39563,77.33768819,sell
1498916807,40600524,0.39564,20.02002002,sell
1498916798,40600499,0.39562,32.34288765,sell
1498916798,40600498,0.39563,181.42739281,sell
1498916792,40600471,0.39131,327.3,sell
1498916792,40600470,0.39131,1997.39659651,sell
1498916792,40600469,0.39131,3088.55808632,sell
1498916792,40600468,0.39294,77.50957598,sell
1498916792,40600467,0.3931,94.5,sell
1498916792,40600466,0.3941,72.9,sell
1498916792,40600465,0.39411,139.43514533,sell
1498916792,40600464,0.39526,54.84028792,sell
1498916792,40600463,0.39526,20.02002002,sell
1498916792,40600462,0.39526,54.84028792,sell
1498916790,40600461,0.39563,129.70058958,sell
1498916763,40600434,0.3984,30.0,buy
1498916700,40600374,0.39553,29.46480001,sell
1498916700,40600373,0.39554,160.76921843,sell
1498916675,40600338,0.3984,5577.321,buy
1498916675,40600337,0.39839,2172.679,buy
1498916663,40600319,0.39551,139.24407323,sell
1498916652,40600300,0.39551,31.97439488,sell
1498916242,40599942,0.395,54.84028792,buy
1498916229,40599929,0.395,657.377,buy
1498916211,40599907,0.395,182.55189873,buy
1498916203,40599903,0.395,248.3060582,buy
1498916194,40599890,0.395,179.43354184,buy
1498916194,40599888,0.395,68.84152458,buy
1498916180,40599875,0.395,216.4091,buy
1498916177,40599867,0.395,247.97130225,buy
1498916168,40599858,0.395,94.08408409,buy
1498916156,40599852,0.395,285.20620432,buy
1498916150,40599841,0.395,445.36165013,buy
1498916110,40599790,0.395,248.12013518,buy
1498916099,40599782,0.395,42.19438073,buy
1498916098,40599781,0.395,205.70881862,buy
1498916086,40599770,0.395,248.12010756,buy
1498916083,40599765,0.395,292.49223884,buy
1498916080,40599754,0.395,16.15812992,buy
1498916079,40599750,0.395,4.49880913,buy
1498916076,40599746,0.395,4.49880913,buy
1498916075,40599742,0.395,4.49880913,buy
1498916074,40599739,0.395,239.40156032,buy
1498916074,40599738,0.395,239.40156032,buy
1498916073,40599737,0.395,239.40156032,buy
1498916073,40599736,0.395,117.78368321,buy
1498916073,40599734,0.395,20.44168035,buy
1498916073,40599733,0.395,4.49880913,buy
1498916067,40599727,0.395,1392.39825605,buy
1498915902,40599646,0.3976,2.34213483,buy
1498915821,40599529,0.39757,1.0,buy
1498915608,40599369,0.39784,200.0,buy
1498915587,40599339,0.39786,401.24,buy
1498915553,40599307,0.39789,101.298,buy
1498915522,40599271,0.3984,401.24,buy
1498915492,40599232,0.3992,2596.0,buy
1498915388,40599187,0.39859,224.204684,buy
1498915388,40599186,0.398,443.115316,buy
1498914991,40598966,0.39478,89.98,sell
1498914792,40598823,0.39501,369.88721563,sell
1498914792,40598822,0.39501,130.11278437,sell
1498914731,40598789,0.39969,340.0,buy
1498914681,40598765,0.39507,41.20367497,sell
1498914681,40598764,0.39507,139.09632503,sell
1498914608,40598729,0.39342,89.44191368,sell
1498914608,40598728,0.39343,139.67614348,sell
1498914608,40598727,0.39344,121.77994284,sell
1498914363,40598532,0.39794,5.92494,buy
1498914164,40598421,0.39896,89.07037808,buy
1498914164,40598420,0.397,159.23966838,buy
1498914033,40598218,0.3951,176.08214764,buy
1498913950,40598120,0.3951,5351.67590968,buy
1498913950,40598119,0.39509,341.64509032,buy
1498913904,40598055,0.3951,6314.50788868,buy
1498913904,40598054,0.39455,341.64509032,buy
1498913903,40598049,0.39453,627.73627069,buy
1498913903,40598048,0.39452,69.66175029,buy
1498913822,40597944,0.39211,0.80861924,sell
1498913820,40597932,0.39211,80.86192365,sell
1498913801,40597880,0.3921,1.53509887,buy
1498913801,40597879,0.3921,79.04467485,buy
1498913801,40597877,0.3921,99.68098389,buy
1498913799,40597872,0.3921,445.36165013,buy
1498913795,40597864,0.3921,20.63630904,buy
1498913793,40597860,0.3921,445.36165013,buy
1498913720,40597787,0.3921,445.36165013,buy
1498913719,40597784,0.3921,384.468039,buy
1498913674,40597764,0.3921,400.0,buy
1498913507,40597692,0.3921,54.664503,buy
1498913502,40597688,0.3921,359.91803334,buy
1498913465,40597668,0.39201,125.84233305,buy
1498913464,40597665,0.39202,3178.0,buy
1498913464,40597664,0.392,3500.0,buy
1498913427,40597604,0.3895,9367.14776105,sell
1498913427,40597603,0.38951,2400.00223895,sell
1498913427,40597602,0.38951,1099.99776105,sell
1498913427,40597601,0.38973,0.10484241,sell
1498913427,40597600,0.39,5.42,sell
1498913427,40597599,0.39,10.0,sell
1498913427,40597598,0.39,9.0,sell
1498913427,40597597,0.39,468.82132627,sell
1498913427,40597596,0.39002,125.75871852,sell
1498913427,40597595,0.39002,140.89735175,sell
1498913319,40597475,0.3921,3894.80091063,buy
1498913290,40597447,0.3921,81.29986032,buy
1498913290,40597444,0.3921,1169.0,buy
1498913287,40597441,0.3921,54.23780298,buy
1498913285,40597439,0.3921,0.7380929,buy
1498913283,40597436,0.3921,73.80928985,buy
1498913281,40597434,0.3921,62.75714221,buy
1498913279,40597431,0.39,2366.17867373,sell
1498913279,40597430,0.39001,84.43035428,sell
1498913279,40597429,0.39001,270.78696375,sell
1498913279,40597428,0.3901,200.0,sell
1498913279,40597427,0.3902,699.6,sell
1498913279,40597426,0.391,3970.0,sell
1498913279,40597425,0.391,3.80128202,sell
1498913279,40597424,0.3912,0.57166,sell
1498913279,40597423,0.39121,140.46876391,sell
1498913279,40597422,0.392,0.163887,sell
1498913279,40597421,0.392,140.0,sell
1498913279,40597420,0.39201,123.99841531,sell
1498913279,40597419,0.3921,0.74600378,buy
1498913277,40597416,0.3921,74.60037711,buy
1498913275,40597414,0.3921,62.52790139,buy
1498913273,40597411,0.3921,0.7542605,buy
1498913271,40597406,0.3921,75.4260488,buy
1498913271,40597404,0.3921,76.01388406,buy
1498913270,40597403,0.3921,124.18631679,buy
1498913268,40597400,0.3921,62.27178185,buy
1498913266,40597394,0.3921,0.75576153,buy
1498913262,40597388,0.3921,10.0,buy
1498913138,40597343,0.39209,84.43035428,buy
1498913137,40597339,0.39209,24.47405378,buy
1498913137,40597338,0.39209,246.31290997,buy
1498913134,40597334,0.3921,322.97796405,buy
1498913134,40597333,0.39208,22.859316,buy
1498913134,40597331,0.39208,99.52437008,buy
1498912958,40597224,0.3921,30.03003003,buy
1498912958,40597223,0.3921,30.03003003,buy
1498912957,40597220,0.3921,30.03003003,buy
1498912956,40597219,0.3921,30.03003003,buy
1498912956,40597218,0.3921,30.03003003,buy
1498912955,40597217,0.3921,30.03003003,buy
1498912759,40597095,0.3921,96.0,buy
1498912745,40597084,0.3921,12.4809521,buy
1498912742,40597079,0.3921,12.4809521,buy
1498912683,40597023,0.3921,251.47464322,buy
1498912666,40597012,0.3921,251.49545723,buy
1498912635,40597003,0.3921,251.41224347,buy
1498912629,40596993,0.3921,61.52827474,buy
1498912625,40596990,0.3921,200.0,sell
1498912625,40596989,0.39221,46.0,sell
1498912625,40596988,0.3924,8651.6,sell
1498912625,40596987,0.39241,144.33642938,sell
1498912624,40596986,0.39481,13.4724914,buy
1498912616,40596980,0.3926,2751.53678443,sell
1498912616,40596979,0.39261,144.56358382,sell
1498912424,40596894,0.395,39.63816203,sell
1498912424,40596891,0.395,122.50017197,sell
1498912420,40596884,0.395,4537.861666,sell
1498912104,40596723,0.39244,3512.92949647,sell
1498912104,40596722,0.3925,140.00709587,sell
1498912104,40596721,0.39251,51.41729505,sell
1498911751,40596558,0.392,7062.25692292,sell
1498911751,40596557,0.392,1457.821515,sell
1498911751,40596556,0.392,131.5706176,sell
1498911751,40596555,0.3925,785.0,sell
1498911751,40596554,0.39389,0.559297,sell
1498911751,40596553,0.39408,0.237814,sell
1498911751,40596552,0.39432,1.0,sell
1498911751,40596551,0.39433,46.43383348,sell
1498911464,40596377,0.39619,17.69642787,buy
1498911108,40596165,0.397,0.76033162,buy
1498910538,40595793,0.39394,0.84813018,sell
1498910538,40595792,0.39395,61.0788621,sell
1498910489,40595691,0.397,100.0,buy
1498909891,40595206,0.393,193.78799744,buy
1498909885,40595189,0.393,251.57365269,buy
1498909878,40595182,0.393,404.35806779,buy
1498909865,40595169,0.393,251.5425032,buy
1498909854,40595157,0.393,139.82896979,buy
1498909854,40595156,0.393,251.56326951,buy
1498909850,40595153,0.393,139.82896979,buy
1498909845,40595142,0.393,139.82896979,buy
1498909840,40595133,0.393,139.82896979,buy
1498909838,40595127,0.393,140.14014014,buy
1498909835,40595120,0.393,139.82896979,buy
1498909829,40595115,0.393,139.82896979,buy
1498909824,40595108,0.393,139.82896979,buy
1498909818,40595100,0.393,139.82896979,buy
1498909817,40595098,0.393,75.40307925,buy
1498909813,40595087,0.393,251.5425032,buy
1498909810,40595084,0.393,139.82896979,buy
1498909776,40595058,0.393,139.82896979,buy
1498909774,40595055,0.393,35.96302895,buy
1498909774,40595054,0.393,35.96302895,buy
1498909774,40595053,0.393,35.96302895,buy
1498909773,40595046,0.393,17.93079564,buy
1498909747,40595005,0.393,139.82896979,buy
1498909700,40594978,0.393,14.47766569,buy
1498909669,40594935,0.393,139.82896979,buy
1498909664,40594931,0.393,5587.0,buy
1498909663,40594929,0.393,139.82896979,buy
1498909656,40594925,0.393,139.82896979,buy
1498909649,40594917,0.393,81.51301933,buy
1498909645,40594911,0.393,81.65319761,buy
1498909644,40594907,0.393,81.513019,buy
1498909642,40594905,0.393,139.82896978,buy
1498909641,40594901,0.393,0.34054419,buy
1498909640,40594897,0.393,220.962318,buy
1498909640,40594891,0.393,411.4326024,buy
1498909639,40594882,0.393,550.0,buy
1498909639,40594881,0.393,400.0,buy
1498909639,40594879,0.393,221.35724271,buy
1498909639,40594878,0.393,139.44929867,buy
1498909639,40594877,0.393,152.69135,buy
1498909639,40594876,0.393,562.65877724,buy
1498909639,40594873,0.393,400.0,buy
1498909638,40594869,0.393,550.9878112,buy
1498909638,40594867,0.393,10000.0,buy
1498909638,40594866,0.393,0.37259337,sell
1498909638,40594865,0.3931,5000.0,sell
1498909638,40594864,0.3939,2.0,sell
1498909638,40594863,0.39405,139.45637642,sell
1498909638,40594862,0.39406,81.65854162,sell
1498909107,40594496,0.39511,0.602714,sell
1498909043,40594351,0.395,0.18872266,buy
1498909040,40594345,0.395,103.0,sell
1498909040,40594344,0.395,9850.33283263,sell
1498909040,40594343,0.3951,8000.0,sell
1498909040,40594342,0.39516,139.06464502,sell
1498908824,40593918,0.39762,39.31053619,sell
1498908808,40593889,0.39762,47.18261926,sell
1498908808,40593888,0.39762,91.16,sell
1498908620,40593726,0.3976,200.0,sell
1498908620,40593725,0.39761,0.428374,sell
1498908097,40593190,0.39762,15.22867679,sell
1498908097,40593189,0.39762,96.38095238,sell
1498908097,40593188,0.39762,249.31221669,sell
1498908070,40593152,0.39989,96.40310362,sell
1498908054,40593145,0.39989,97.08252294,sell
1498908048,40593139,0.39989,100.94094485,sell
1498907985,40593102,0.395,171.12441774,sell
1498907985,40593101,0.395,0.1,sell
1498907985,40593100,0.395,0.1,sell
1498907985,40593099,0.395,0.1,sell
1498907985,40593098,0.395,0.1,sell
1498907985,40593097,0.3951,99.59366793,sell
1498907985,40593096,0.39591,20.33352249,sell
1498907985,40593095,0.39607,138.74513374,sell
1498907985,40593094,0.39608,249.31221669,sell
1498907985,40593093,0.39747,96.38095238,sell
1498907985,40593092,0.39748,96.27008903,sell
1498907964,40593080,0.39743,0.9539301,sell
1498907872,40593006,0.3972,2745.45422685,buy
1498907685,40592907,0.39693,120.0,buy
1498907520,40592801,0.39903,1.0,sell
1498907163,40592642,0.4,0.352028,sell
1498907163,40592641,0.4,0.187792,sell
1498907163,40592640,0.4,1.0,sell
1498907163,40592639,0.4,942.73716444,sell
1498907136,40592619,0.40006,110.72988159,buy
1498906891,40592494,0.4,182.0,sell
1498906671,40592336,0.4,10.0,sell
1498906472,40592207,0.4,8.43943945,sell
1498906431,40592163,0.4,156.82339611,sell
1498906431,40592162,0.40003,0.191225,sell
1498906431,40592161,0.40004,78.16305122,sell
1498906431,40592160,0.4002,0.58104,sell
1498906431,40592159,0.4002,542.24128767,sell
1498906410,40592149,0.4002,136.90680121,sell
1498906408,40592144,0.4002,176.31862588,sell
1498906395,40592133,0.4002,644.53328524,sell
1498906395,40592132,0.40021,293.89735376,sell
1498906395,40592131,0.4003,0.309259,sell
1498906395,40592130,0.4006,61.260102,sell
1498906389,40592114,0.4006,58.739898,sell
1498906389,40592113,0.40061,117.57872788,sell
1498906388,40592106,0.40061,176.31862588,sell
1498906362,40592074,0.40179,176.31862588,sell
1498906355,40592059,0.40179,667.37443272,sell
1498906355,40592057,0.40179,266.47436444,sell
1498906355,40592055,0.40179,444.91628848,sell
1498906351,40592048,0.40179,444.91628848,buy
1498906308,40592020,0.40069,68.56496864,sell
1498906216,40591936,0.4019,2.70747611,buy
1498906211,40591925,0.40072,137.27239117,sell
1498906155,40591893,0.40068,4.18403123,sell
1498906133,40591878,0.40064,0.05864448,sell
1498906133,40591877,0.40065,92.93120667,sell
1498906123,40591869,0.40063,137.07052901,sell
1498906116,40591865,0.40062,112.79073235,sell
1498906053,40591836,0.40079,209.31699331,sell
1498906053,40591835,0.4013,0.3,sell
1498905990,40591797,0.4015,0.3,sell
1498905959,40591770,0.40072,140.15044805,sell
1498905959,40591769,0.40073,349.29686059,sell
1498905903,40591722,0.40031,137.19022161,sell
1498905901,40591720,0.40031,89.23383356,sell
1498905887,40591709,0.40088,63.45354439,sell
1498905887,40591708,0.40096,94.20170685,sell
1498905886,40591704,0.40096,137.19022161,sell
1498905865,40591686,0.40096,137.19022547,sell
1498905854,40591662,0.40096,137.19022401,sell
1498905836,40591649,0.40096,137.19022401,sell
1498905827,40591632,0.40096,137.19022453,sell
1498905778,40591604,0.40096,115.37154962,sell
1498905766,40591600,0.40096,61.26235129,sell
1498905762,40591596,0.40206,3.39887359,buy
1498905762,40591595,0.40096,61.21327261,sell
1498905758,40591591,0.40207,3.39887359,sell
1498905755,40591589,0.40206,0.3,sell
1498905754,40591587,0.40206,0.13356623,sell
1498905753,40591586,0.40192,0.13356623,buy
1498905748,40591585,0.40183,0.13356623,sell
1498905746,40591584,0.40183,0.12859862,sell
1498905746,40591583,0.40183,0.13356623,buy
1498905742,40591581,0.40097,70.20130363,sell
1498905666,40591522,0.40102,73.86730968,sell
1498905511,40591406,0.40096,0.13356623,sell
1498905500,40591401,0.40095,0.13356623,sell
1498905494,40591400,0.40093,0.12859862,buy
1498905494,40591399,0.40093,0.13356623,buy
1498905494,40591398,0.40093,0.13356623,buy
1498905494,40591397,0.40093,0.13356623,buy
1498905489,40591387,0.40094,0.13356623,sell
1498905478,40591383,0.4025,0.28403698,buy
1498905465,40591378,0.40088,0.47569164,sell
1498905444,40591359,0.40078,0.47569164,buy
1498905444,40591358,0.40077,248.30129402,buy
1498905443,40591354,0.40075,643.17662841,sell
1498905443,40591353,0.40079,68.36301783,sell
1498905443,40591352,0.40079,293.89735376,sell
1498905442,40591342,0.40249,0.18,buy
1498905435,40591336,0.40078,9.0,sell
1498905427,40591328,0.40077,9.0,sell
1498905404,40591313,0.4027,9.0,sell
1498905358,40591302,0.403,1057.79200885,buy
1498905358,40591301,0.401,38.55189069,buy
1498905278,40591264,0.401,35.8447163,buy
1498905271,40591254,0.401,125.60339301,buy
1498905184,40591226,0.4027,7.7796814,buy
1498905171,40591220,0.4003,7.84200851,sell
1498904934,40591042,0.40015,1.38753481,sell
1498904932,40591041,0.4,1.38753481,buy
1498904930,40591039,0.4,28.953569,sell
1498904929,40591038,0.4,45.45803294,sell
1498904929,40591037,0.4,100.0,sell
1498904925,40591036,0.40015,1.0,sell
1498904915,40591034,0.40036,1.0,sell
1498904910,40591031,0.4004,70.24551935,sell
1498904894,40591021,0.4004,12.24160932,sell
1498904894,40591020,0.4004,35.30044868,sell
1498904894,40591017,0.40123,273.79100739,sell
1498904894,40591016,0.40124,4.76868838,sell
1498904894,40591015,0.40124,54.93086294,sell
1498904894,40591014,0.40124,59.69955132,sell
1498904894,40591013,0.40124,8.72688591,sell
1498904802,40590975,0.403,4.67746573,buy
1498904802,40590974,0.403,35.6816228,buy
1498904802,40590973,0.403,35.6816228,buy
1498904802,40590972,0.403,35.6816228,buy
1498904801,40590970,0.403,35.6816228,buy
1498904801,40590968,0.403,35.6816228,buy
1498904800,40590965,0.403,35.6816228,buy
1498904800,40590962,0.403,28.623564,buy
1498904800,40590961,0.403,35.6816228,buy
1498904800,40590958,0.403,35.6816228,buy
1498904800,40590957,0.403,35.6816228,buy
1498904798,40590952,0.403,35.71442086,buy
1498904757,40590918,0.40119,53.9298707,sell
1498904757,40590917,0.40119,8.72688591,sell
1498904753,40590904,0.4004,59.69955132,sell
1498904752,40590899,0.401,62.65675661,buy
1498904750,40590889,0.40119,62.65675661,buy
1498904750,40590888,0.401,59.69955132,buy
1498904749,40590883,0.401,14.981869,sell
1498904737,40590869,0.4012,62.65675661,sell
1498904733,40590858,0.4012,137.34324339,sell
1498904703,40590836,0.40267,6159.344,buy
1498904703,40590835,0.40266,444.91628848,buy
1498904559,40590766,0.4017,124.35517853,sell
1498904539,40590754,0.4017,699.6,sell
1498904503,40590723,0.4017,176.04482147,sell
1498904503,40590722,0.40179,63.29337868,sell
1498904476,40590708,0.40179,136.90682152,sell
1498904400,40590675,0.40181,136.91023119,sell
1498904299,40590620,0.4024,75.94968944,buy
1498904245,40590601,0.40171,11.22826677,sell
1498904092,40590536,0.40273,6.36,buy
1498904025,40590501,0.4027,2635.91371152,buy
1498904025,40590500,0.40269,444.91628848,buy
1498904025,40590499,0.402,5.0,buy
1498904025,40590498,0.4017,95.0,buy
1498903567,40590050,0.40179,444.91628848,buy
1498903551,40590018,0.40031,13.81316162,sell
1498903551,40590016,0.40031,3.2608166,sell
1498903551,40590015,0.401,95.7391834,sell
1498903504,40589964,0.401,4.2608166,sell
1498903504,40589963,0.40101,108.8986691,sell
1498903150,40589516,0.40289,8.77871875,buy
1498903121,40589473,0.403,105.76526446,buy
1498903093,40589426,0.40276,105.76526446,sell
1498902999,40589336,0.4032,105.84400332,buy
1498902996,40589335,0.4033,105.84400332,sell
1498902990,40589315,0.40338,55.84400332,buy
1498902986,40589306,0.403,50.0,buy
1498902984,40589305,0.4029,95.84400332,buy
1498902969,40589275,0.402,10.0,buy
1498902701,40588916,0.40038,202.3935025,sell
1498902701,40588915,0.40039,137.24814588,sell
1498902582,40588831,0.4035,35.98157106,sell
1498902582,40588830,0.40351,58.37618436,sell
1498902582,40588829,0.40351,177.00346407,sell
1498902582,40588828,0.40351,69.70651174,sell
1498902579,40588824,0.40351,565.537,sell
1498902579,40588823,0.40351,375.0,sell
1498902432,40588708,0.4035,15.05842894,sell
1498902411,40588694,0.4035,0.1,buy
1498902411,40588693,0.4034,0.1,buy
1498902312,40588653,0.40335,136.37727869,sell
1498902294,40588631,0.40335,7.05058371,sell
1498902030,40588311,0.4033,0.1,buy
1498902022,40588295,0.4032,0.1,buy
1498902013,40588246,0.40319,48.62914543,sell
1498902007,40588239,0.40281,48.62914543,buy
1498901994,40588178,0.4028,48.62914543,buy
1498901857,40587765,0.40009,10.0,sell
1498901777,40587648,0.4,17.07397822,buy
1498901623,40587460,0.4,116.64756276,buy
1498901618,40587445,0.4,116.64756276,buy
1498901610,40587429,0.4,248.07904347,buy
1498901588,40587412,0.4,501.55185279,buy
1498901588,40587411,0.4,98.44814721,buy
1498901585,40587409,0.4,95.39532324,buy
1498901583,40587405,0.4,152.54170712,buy
1498901579,40587394,0.4,152.54170985,buy
1498901570,40587385,0.4,87.37291075,buy
1498901570,40587384,0.39999,160.48574361,buy
1498901267,40587238,0.4,134.0,buy
1498900822,40586997,0.4,70.0,buy
1498900818,40586992,0.4,160.80735833,buy
1498900707,40586903,0.4,0.8,buy
1498900266,40586278,0.3999,111.11276298,buy
1498900174,40586117,0.4,246.36519862,buy
1498900161,40586086,0.39998,30.91474628,buy
1498900156,40586070,0.39968,106.71318038,sell
1498900156,40586069,0.39969,30.91474628,sell
1498900151,40586054,0.39969,35.3921682,sell
1498900142,40586028,0.39968,137.62958229,sell
1498900117,40585964,0.39969,35.66133533,sell
1498900117,40585963,0.39969,101.96824981,sell
1498900049,40585772,0.4,2750.94762665,buy
1498900040,40585724,0.3999,48.3308177,buy
1498899982,40585534,0.39968,262.22850986,sell
1498899982,40585533,0.3997,136.74382891,sell
1498899591,40584805,0.39967,100.0,sell
1498899582,40584793,0.4,960.0,buy
1498899542,40584750,0.4,90.78001823,buy
1498899523,40584739,0.39966,100.0,sell
1498899287,40584535,0.4025,1.0,buy
1498899267,40584511,0.4027,494.0,buy
1498899234,40584426,0.403,124.13253763,buy
1498899217,40584363,0.40319,1.7267048,buy
1498899217,40584362,0.4031,0.1,buy
1498899217,40584361,0.403,0.1,buy
1498899217,40584360,0.4029,0.1,buy
1498899197,40584340,0.4028,10.58831986,buy
1498899197,40584339,0.4028,0.1,buy
1498899197,40584338,0.4027,0.1,buy
1498899197,40584337,0.4026,0.1,buy
1498899197,40584336,0.40259,139.01168014,buy
1498899197,40584335,0.4025,0.1,buy
1498898775,40584003,0.39901,41.62694283,sell
1498898775,40584002,0.39902,96.38095238,sell
1498898731,40583958,0.4,0.1,buy
1498898731,40583957,0.4,1090.4690783,buy
1498898731,40583956,0.3999,0.1,buy
1498898731,40583955,0.3998,0.1,buy
1498898731,40583954,0.3997,0.1,buy
1498898731,40583953,0.3996,0.1,buy
1498898731,40583952,0.3995,0.1,buy
1498898731,40583951,0.3994,0.1,buy
1498898731,40583950,0.3993,0.1,buy
1498898731,40583949,0.3992,0.1,buy
1498898731,40583948,0.3991,0.1,buy
1498898731,40583945,0.399,84.116685,buy
1498898731,40583943,0.399,4121.702,buy
1498898583,40583884,0.399,3.43932669,buy
1498898583,40583883,0.399,0.1,buy
1498898583,40583882,0.3989,0.1,buy
1498898583,40583881,0.3988,0.1,buy
1498898583,40583880,0.3987,0.1,buy
1498898583,40583879,0.3986,0.1,buy
1498898583,40583878,0.3985,0.1,buy
1498898583,40583877,0.3984,0.1,buy
1498898583,40583876,0.3983,0.1,buy
1498898583,40583875,0.3982,0.1,buy
1498898583,40583874,0.3981,0.1,buy
1498898583,40583873,0.398,40.56067331,buy
1498898533,40583854,0.398,2.45882447,buy
1498898524,40583836,0.398,101.96824981,buy
1498898506,40583809,0.398,102.25326455,buy
1498898506,40583807,0.398,3962.017,buy
1498898506,40583805,0.396,101.96824981,buy
1498898463,40583767,0.396,758.61406295,buy
1498898449,40583755,0.398,3348.67569938,buy
1498898449,40583754,0.398,0.1,buy
1498898449,40583753,0.39799,444.91628848,buy
1498898449,40583752,0.3979,0.1,buy
1498898449,40583751,0.3978,0.1,buy
1498898449,40583750,0.3977,0.1,buy
1498898449,40583749,0.3976,0.1,buy
1498898449,40583748,0.3975,0.1,buy
1498898449,40583747,0.3974,200.0,buy
1498898449,40583746,0.3974,0.1,buy
1498898449,40583745,0.3973,0.1,buy
1498898449,40583744,0.39729,208.45801214,buy
1498898415,40583717,0.39719,0.1,buy
1498898407,40583712,0.39719,0.1,buy
1498898400,40583700,0.39719,0.1,buy
1498898391,40583684,0.39719,0.1,buy
1498898384,40583667,0.39719,0.1,buy
1498898373,40583648,0.39719,0.1,buy
1498898368,40583645,0.3972,0.1,buy
1498898361,40583630,0.39719,0.1,buy
1498898352,40583624,0.3972,0.1,buy
1498898347,40583620,0.39726,0.1,buy
1498898341,40583613,0.39728,0.1,buy
1498898328,40583603,0.39724,0.1,buy
1498898317,40583576,0.39729,0.1,buy
1498898314,40583568,0.39726,0.1,buy
1498898313,40583567,0.39726,15.0,buy
1498898307,40583555,0.39727,0.1,buy
1498898297,40583544,0.39728,0.1,buy
1498898287,40583520,0.39729,0.1,buy
1498898279,40583508,0.39727,0.1,buy
1498898272,40583501,0.39728,0.1,buy
1498898264,40583481,0.39727,0.1,buy
1498898256,40583453,0.39729,0.1,buy
1498898249,40583430,0.39729,0.1,buy
1498898243,40583417,0.39729,0.1,buy
1498898233,40583397,0.39729,0.1,buy
1498898225,40583382,0.39729,0.1,buy
1498898219,40583372,0.39723,0.1,buy
1498898212,40583361,0.39724,0.1,buy
1498898206,40583346,0.39725,0.1,buy
1498898196,40583331,0.39726,0.1,buy
1498898183,40583293,0.39729,0.1,buy
1498898181,40583283,0.39729,0.1,buy
1498898172,40583268,0.39729,0.1,buy
1498898166,40583263,0.39729,0.1,buy
1498898159,40583242,0.39729,0.1,buy
1498898154,40583236,0.39729,0.1,buy
1498898145,40583225,0.39729,0.1,buy
1498898137,40583212,0.39729,0.1,buy
1498898129,40583193,0.39718,0.1,buy
1498898122,40583178,0.39719,0.1,buy
1498898114,40583170,0.39719,0.1,buy
1498898106,40583153,0.39719,0.1,buy
1498898099,40583140,0.39719,0.1,buy
1498898090,40583122,0.39719,0.1,buy
1498898081,40583089,0.39719,0.1,buy
1498898072,40583064,0.39719,0.1,buy
1498897979,40582775,0.39729,69.41092302,buy
1498897979,40582774,0.3972,0.1,buy
1498897979,40582773,0.3971,0.1,buy
1498897979,40582772,0.397,0.1,buy
1498897979,40582771,0.3968,0.1,buy
1498897979,40582770,0.3962,360.18907698,buy
1498897797,40582462,0.3962,0.1,buy
1498897784,40582455,0.3962,0.1,buy
1498897781,40582454,0.3962,0.1,buy
1498897772,40582448,0.3962,0.1,buy
1498897766,40582443,0.3962,0.1,buy
1498897754,40582434,0.3962,0.1,buy
1498897745,40582428,0.3962,0.1,buy
1498897737,40582420,0.3962,0.1,buy
1498897703,40582382,0.3962,0.1,buy
1498897695,40582373,0.3962,0.1,buy
1498897688,40582364,0.3962,0.1,buy
1498897676,40582359,0.3962,0.1,buy
1498897656,40582329,0.3962,0.1,buy
1498897652,40582323,0.3962,0.1,buy
1498897643,40582307,0.3962,0.1,buy
1498897637,40582297,0.3962,0.1,buy
1498897628,40582291,0.3962,0.1,buy
1498897622,40582286,0.3962,0.1,buy
1498897614,40582274,0.3962,0.1,buy
1498897605,40582250,0.3962,0.1,buy
1498897599,40582247,0.3962,0.1,buy
1498897589,40582239,0.3962,0.1,buy
1498897581,40582233,0.3962,0.1,buy
1498897572,40582223,0.3962,0.1,buy
1498897565,40582220,0.3962,0.1,buy
1498897556,40582211,0.3962,0.1,buy
1498897551,40582203,0.3962,0.1,buy
1498897542,40582201,0.3962,0.1,buy
1498897533,40582197,0.3962,0.1,buy
1498897524,40582191,0.3962,0.1,buy
1498897516,40582185,0.3962,0.1,buy
1498897513,40582184,0.3962,227.15092302,buy
1498897510,40582183,0.3962,0.1,buy
1498897504,40582175,0.3962,0.1,buy
1498897473,40582168,0.3962,0.1,buy
1498897268,40582096,0.39674,409.39,buy
1498897268,40582095,0.3967,497.5,buy
1498897251,40582093,0.3967,386.5,buy
1498897251,40582092,0.3967,0.1,buy
1498897251,40582091,0.3965,497.5,buy
1498897113,40581967,0.3965,0.1,buy
1498897111,40581966,0.3965,0.1,buy
1498897100,40581964,0.3965,0.1,buy
1498897094,40581958,0.3965,0.1,buy
1498897083,40581947,0.3965,0.1,buy
1498897073,40581946,0.3965,0.1,buy
1498897063,40581944,0.3965,0.1,buy
1498897057,40581942,0.3965,0.1,buy
1498897049,40581936,0.3965,0.1,buy
1498897041,40581935,0.3965,0.1,buy
1498897030,40581928,0.3965,0.1,buy
1498897025,40581925,0.3965,0.1,buy
1498897019,40581923,0.3965,0.1,buy
1498897012,40581922,0.3965,0.1,buy
1498897009,40581921,0.3965,0.1,buy
1498897002,40581916,0.3965,0.1,buy
1498896997,40581915,0.3965,0.1,buy
1498896992,40581914,0.3965,0.1,buy
1498896986,40581913,0.3965,0.1,buy
1498896983,40581911,0.3965,0.1,buy
1498896977,40581910,0.3965,0.1,buy
1498896969,40581909,0.3965,0.1,buy
1498896967,40581906,0.3965,0.1,buy
1498896962,40581901,0.3965,0.1,buy
1498896956,40581897,0.3965,0.1,buy
1498896936,40581879,0.3964,0.1,buy
1498896935,40581878,0.3964,0.1,buy
1498896934,40581877,0.3964,0.1,buy
1498896934,40581876,0.3964,0.1,buy
1498896933,40581875,0.3964,0.1,buy
1498896930,40581874,0.3964,0.1,buy
1498896922,40581869,0.3964,0.1,buy
1498896921,40581868,0.3964,0.1,buy
1498896921,40581866,0.3964,0.1,buy
1498896920,40581865,0.3964,0.1,buy
1498896920,40581864,0.3964,0.1,buy
1498896920,40581863,0.3964,0.1,buy
1498896919,40581862,0.3964,0.1,buy
1498896919,40581861,0.3964,0.1,buy
1498896918,40581859,0.3964,0.1,buy
1498896918,40581858,0.3964,0.1,buy
1498896917,40581857,0.3964,0.1,buy
1498896917,40581856,0.3964,0.1,buy
1498896916,40581855,0.3964,0.1,buy
1498896915,40581854,0.3964,0.1,buy
1498896914,40581853,0.3964,0.1,buy
1498896914,40581852,0.3964,0.1,buy
1498896914,40581850,0.3964,0.1,buy
1498896912,40581848,0.3964,0.1,buy
1498896912,40581847,0.3964,0.1,buy
1498896911,40581845,0.3964,0.1,buy
1498896911,40581844,0.3964,0.1,buy
1498896911,40581843,0.3964,0.1,buy
1498896910,40581842,0.3964,0.1,buy
1498896910,40581840,0.3964,0.1,buy
1498896909,40581839,0.3964,0.1,buy
1498896909,40581838,0.3964,0.1,buy
1498896909,40581837,0.3964,0.1,buy
1498896908,40581836,0.3964,0.1,buy
1498896908,40581835,0.3964,0.1,buy
1498896907,40581833,0.3964,0.1,buy
1498896906,40581832,0.3964,0.1,buy
1498896906,40581831,0.3964,0.1,buy
1498896905,40581830,0.3964,0.1,buy
1498896905,40581825,0.3964,0.1,buy
1498896905,40581824,0.3964,0.1,buy
1498896904,40581823,0.3964,0.1,buy
1498896903,40581822,0.3964,0.1,buy
1498896903,40581821,0.3964,0.1,buy
1498896903,40581820,0.3964,0.1,buy
1498896902,40581819,0.3964,0.1,buy
1498896901,40581817,0.3964,0.1,buy
1498896901,40581816,0.3964,0.1,buy
1498896899,40581815,0.3964,0.1,buy
1498896898,40581814,0.3964,0.1,buy
1498896898,40581813,0.3964,0.1,buy
1498896897,40581811,0.3964,0.1,buy
1498896897,40581810,0.3964,0.1,buy
1498896896,40581809,0.3964,0.1,buy
1498896896,40581808,0.3964,0.1,buy
1498896895,40581807,0.3964,0.1,buy
1498896895,40581806,0.3964,0.1,buy
1498896893,40581805,0.3964,0.1,buy
1498896893,40581804,0.3964,0.1,buy
1498896893,40581803,0.3964,0.1,buy
1498896893,40581802,0.3964,0.1,buy
1498896892,40581799,0.3964,0.1,buy
1498896891,40581798,0.3964,0.1,buy
1498896891,40581797,0.3964,0.1,buy
1498896889,40581796,0.3964,0.1,buy
1498896889,40581795,0.3964,0.1,buy
1498896888,40581794,0.3964,0.1,buy
1498896887,40581792,0.3964,0.1,buy
1498896873,40581787,0.3964,0.1,buy
1498896872,40581786,0.3964,0.1,buy
1498896871,40581785,0.3964,0.1,buy
1498896870,40581784,0.3964,0.1,buy
1498896870,40581783,0.3964,820.61605152,buy
1498896869,40581782,0.3964,0.1,buy
1498896868,40581781,0.3964,0.1,buy
1498896867,40581780,0.3964,0.1,buy
1498896866,40581776,0.3964,0.1,buy
1498896864,40581775,0.3964,0.1,buy
1498896863,40581774,0.3964,0.1,buy
1498896863,40581773,0.3964,0.1,buy
1498896863,40581772,0.3964,0.1,buy
1498896862,40581771,0.3964,0.1,buy
1498896861,40581770,0.3964,0.1,buy
1498896861,40581769,0.3964,0.1,buy
1498896860,40581768,0.3964,0.1,buy
1498896860,40581767,0.3964,0.1,buy
1498896859,40581766,0.3964,0.1,buy
1498896859,40581765,0.3964,0.1,buy
1498896858,40581763,0.3964,0.1,buy
1498896858,40581762,0.3964,0.1,buy
1498896857,40581760,0.3964,0.1,buy
1498896857,40581759,0.3964,0.1,buy
1498896857,40581755,0.39622,179.38394848,buy
1498896855,40581753,0.39622,0.1,buy
1498896854,40581752,0.39622,0.1,buy
1498896853,40581751,0.39622,0.1,buy
1498896846,40581747,0.39624,0.1,buy
1498896846,40581746,0.39624,0.1,buy
1498896845,40581745,0.39624,0.1,buy
1498896845,40581744,0.39624,0.1,buy
1498896844,40581743,0.39624,0.1,buy
1498896844,40581742,0.39625,0.1,buy
1498896843,40581741,0.39627,0.1,buy
1498896843,40581740,0.39627,0.1,buy
1498896843,40581739,0.39627,0.1,buy
1498896842,40581738,0.39627,0.1,buy
1498896842,40581737,0.39627,0.1,buy
1498896841,40581736,0.39627,0.1,buy
1498896841,40581735,0.39627,0.1,buy
1498896840,40581733,0.39627,0.1,buy
1498896840,40581732,0.39627,0.1,buy
1498896840,40581731,0.39626,0.1,buy
1498896839,40581730,0.39626,0.1,buy
1498896839,40581726,0.39626,0.1,buy
1498896839,40581725,0.39626,0.1,buy
1498896838,40581724,0.39626,0.1,buy
1498896838,40581723,0.39625,0.1,buy
1498896838,40581721,0.39627,0.1,buy
1498896837,40581720,0.39626,0.1,buy
1498896837,40581719,0.39626,0.1,buy
1498896837,40581718,0.39626,0.1,buy
1498896836,40581716,0.39627,0.1,buy
1498896836,40581715,0.39629,0.1,buy
1498896835,40581714,0.39629,0.1,buy
1498896835,40581711,0.39629,0.1,buy
1498896834,40581709,0.39629,0.1,buy
1498896834,40581708,0.39629,0.1,buy
1498896833,40581705,0.39628,0.1,buy
1498896833,40581704,0.39628,0.1,buy
1498896832,40581703,0.39628,0.1,buy
1498896832,40581702,0.39628,0.1,buy
1498896831,40581701,0.39627,0.1,buy
1498896831,40581700,0.39629,0.1,buy
1498896830,40581699,0.39629,0.1,buy
1498896830,40581698,0.39629,0.1,buy
1498896829,40581697,0.39629,0.1,buy
1498896829,40581696,0.39629,0.1,buy
1498896828,40581694,0.3963,0.1,buy
1498896828,40581693,0.3963,0.1,buy
1498896827,40581691,0.3963,0.1,buy
1498896827,40581690,0.3963,0.1,buy
1498896827,40581689,0.3963,0.1,buy
1498896826,40581688,0.3963,0.1,buy
1498896826,40581687,0.3963,0.1,buy
1498896825,40581686,0.3963,0.1,buy
1498896825,40581684,0.3963,0.1,buy
1498896824,40581683,0.3963,0.1,buy
1498896824,40581681,0.3963,0.1,buy
1498896823,40581679,0.3963,0.1,buy
1498896823,40581678,0.3963,0.1,buy
1498896822,40581677,0.39632,0.1,buy
1498896822,40581675,0.39632,0.1,buy
1498896822,40581674,0.39632,0.1,buy
1498896821,40581673,0.39632,0.1,buy
1498896821,40581672,0.39632,0.1,buy
1498896821,40581671,0.39632,0.1,buy
1498896820,40581670,0.39632,0.1,buy
1498896820,40581669,0.39632,0.1,buy
1498896819,40581668,0.39632,0.1,buy
1498896819,40581667,0.39632,0.1,buy
1498896818,40581666,0.39632,0.1,buy
1498896818,40581665,0.39632,0.1,buy
1498896818,40581664,0.39632,0.1,buy
1498896817,40581661,0.39632,0.1,buy
1498896817,40581660,0.39632,0.1,buy
1498896816,40581659,0.39632,0.1,buy
1498896816,40581658,0.39632,0.1,buy
1498896815,40581654,0.39634,0.1,buy
1498896815,40581651,0.39634,0.1,buy
1498896814,40581647,0.39634,0.1,buy
1498896814,40581645,0.39634,0.1,buy
1498896814,40581644,0.39634,0.1,buy
1498896814,40581643,0.39634,0.1,buy
1498896814,40581642,0.39634,0.1,buy
1498896813,40581640,0.39634,0.1,buy
1498896812,40581638,0.39634,0.1,buy
1498896811,40581635,0.39634,0.1,buy
1498896810,40581634,0.39634,0.1,buy
1498896810,40581633,0.39635,0.1,buy
1498896810,40581632,0.3964,0.1,buy
1498896809,40581631,0.3964,0.1,buy
1498896809,40581630,0.3964,0.1,buy
1498896809,40581629,0.39638,0.1,buy
1498896808,40581628,0.39638,0.1,buy
1498896808,40581627,0.39638,0.1,buy
1498896808,40581626,0.39638,0.1,buy
1498896807,40581625,0.39638,0.1,buy
1498896807,40581624,0.39636,0.1,buy
1498896806,40581623,0.39636,0.1,buy
1498896806,40581622,0.39636,0.1,buy
1498896805,40581621,0.39636,0.1,buy
1498896804,40581620,0.39637,0.1,buy
1498896804,40581619,0.39637,0.1,buy
1498896804,40581618,0.39637,0.1,buy
1498896804,40581617,0.39639,0.1,buy
1498896803,40581616,0.39639,0.1,buy
1498896803,40581615,0.39639,0.1,buy
1498896802,40581614,0.39639,0.1,buy
1498896801,40581613,0.39638,0.1,buy
1498896801,40581611,0.39638,0.1,buy
1498896801,40581609,0.39638,0.1,buy
1498896800,40581608,0.39638,0.1,buy
1498896800,40581607,0.39638,0.1,buy
1498896799,40581604,0.39638,0.1,buy
1498896799,40581603,0.39638,0.1,buy
1498896799,40581602,0.39638,0.1,buy
1498896799,40581601,0.39638,0.1,buy
1498896798,40581598,0.39638,0.1,buy
1498896798,40581597,0.39638,0.1,buy
1498896797,40581596,0.39638,0.1,buy
1498896797,40581595,0.39638,0.1,buy
1498896797,40581593,0.39638,0.1,buy
1498896796,40581592,0.39638,0.1,buy
1498896796,40581590,0.39639,0.1,buy
1498896796,40581589,0.39639,0.1,buy
1498896795,40581588,0.39639,0.1,buy
1498896795,40581587,0.39639,0.1,buy
1498896794,40581586,0.39639,0.1,buy
1498896794,40581585,0.39639,0.1,buy
1498896794,40581584,0.39639,0.1,buy
1498896794,40581583,0.39639,0.1,buy
1498896794,40581582,0.39639,0.1,buy
1498896793,40581581,0.39639,0.1,buy
1498896793,40581580,0.39639,0.1,buy
1498896792,40581579,0.39639,0.1,buy
1498896792,40581575,0.39639,0.1,buy
1498896791,40581572,0.39639,0.1,buy
1498896791,40581571,0.39639,0.1,buy
1498896791,40581570,0.39639,0.1,buy
1498896791,40581569,0.39639,0.1,buy
1498896790,40581568,0.39639,0.1,buy
1498896790,40581567,0.3964,0.1,buy
1498896790,40581566,0.3964,0.1,buy
1498896789,40581564,0.3964,0.1,buy
1498896788,40581563,0.3964,0.1,buy
1498896788,40581562,0.3964,0.1,buy
1498896788,40581561,0.3964,0.1,buy
1498896788,40581560,0.3964,0.1,buy
1498896787,40581559,0.3964,0.1,buy
1498896787,40581558,0.3964,0.1,buy
1498896787,40581557,0.3964,0.1,buy
1498896786,40581556,0.3964,0.1,buy
1498896786,40581555,0.3964,0.1,buy
1498896785,40581554,0.3964,0.1,buy
1498896785,40581553,0.3964,0.1,buy
1498896785,40581552,0.3964,0.1,buy
1498896784,40581551,0.3964,0.1,buy
1498896784,40581549,0.3964,0.1,buy
1498896784,40581548,0.3964,0.1,buy
1498896783,40581547,0.3964,0.1,buy
1498896783,40581545,0.3964,0.1,buy
1498896783,40581543,0.3964,0.1,buy
1498896782,40581542,0.3964,0.1,buy
1498896782,40581541,0.3964,0.1,buy
1498896781,40581540,0.3964,0.1,buy
1498896781,40581539,0.3964,0.1,buy
1498896780,40581537,0.3964,0.1,buy
1498896780,40581536,0.3964,0.1,buy
1498896780,40581535,0.3964,0.1,buy
1498896779,40581534,0.3964,0.1,buy
1498896779,40581533,0.3964,0.1,buy
1498896778,40581532,0.3964,0.1,buy
1498896778,40581531,0.3964,0.1,buy
1498896778,40581530,0.3964,0.1,buy
1498896778,40581529,0.3964,0.1,buy
1498896778,40581528,0.3964,0.1,buy
1498896777,40581526,0.3964,0.1,buy
1498896777,40581525,0.3964,0.1,buy
1498896777,40581524,0.3964,0.1,buy
1498896777,40581523,0.3964,0.1,buy
1498896776,40581522,0.3964,0.1,buy
1498896775,40581521,0.3964,0.1,buy
1498896775,40581520,0.3964,0.1,buy
1498896774,40581519,0.3964,0.1,buy
1498896774,40581518,0.3964,0.1,buy
1498896774,40581517,0.3964,0.1,buy
1498896773,40581514,0.3964,0.1,buy
1498896773,40581513,0.3964,0.1,buy
1498896773,40581512,0.3964,0.1,buy
1498896772,40581511,0.3964,0.1,buy
1498896772,40581510,0.3964,0.1,buy
1498896771,40581509,0.3964,0.1,buy
1498896771,40581508,0.3964,0.1,buy
1498896770,40581507,0.3964,0.1,buy
1498896770,40581506,0.3964,0.1,buy
1498896769,40581505,0.3964,0.1,buy
1498896769,40581504,0.3964,0.1,buy
1498896769,40581503,0.3964,0.1,buy
1498896768,40581502,0.3964,0.1,buy
1498896768,40581501,0.3964,0.1,buy
1498896768,40581500,0.3964,0.1,buy
1498896768,40581499,0.3964,0.1,buy
1498896767,40581498,0.3964,0.1,buy
1498896767,40581497,0.3964,0.1,buy
1498896766,40581496,0.3964,0.1,buy
1498896766,40581495,0.3964,0.1,buy
1498896766,40581494,0.3964,0.1,buy
1498896765,40581493,0.3964,0.1,buy
1498896765,40581492,0.3964,0.1,buy
1498896764,40581491,0.3964,0.1,buy
1498896764,40581490,0.3964,0.1,buy
1498896764,40581489,0.3964,0.1,buy
1498896763,40581488,0.3964,0.1,buy
1498896763,40581487,0.3964,0.1,buy
1498896763,40581486,0.3964,0.1,buy
1498896763,40581484,0.3964,0.1,buy
1498896762,40581483,0.3964,0.1,buy
1498896762,40581482,0.3964,0.1,buy
1498896761,40581481,0.3964,0.1,buy
1498896761,40581480,0.3964,0.1,buy
1498896761,40581479,0.3964,0.1,buy
1498896760,40581478,0.3964,0.1,buy
1498896760,40581477,0.3964,0.1,buy
1498896760,40581476,0.3964,0.1,buy
1498896759,40581475,0.3964,0.1,buy
1498896759,40581474,0.3964,0.1,buy
1498896759,40581473,0.3964,0.1,buy
1498896759,40581472,0.3964,0.1,buy
1498896758,40581471,0.3964,0.1,buy
1498896757,40581470,0.3964,0.1,buy
1498896756,40581469,0.3964,0.1,buy
1498896755,40581465,0.3964,0.1,buy
1498896753,40581464,0.3964,0.1,buy
1498896753,40581463,0.3964,0.1,buy
1498896752,40581459,0.3964,0.1,buy
1498896751,40581458,0.3964,0.1,buy
1498896749,40581454,0.3964,0.1,buy
1498896746,40581453,0.3964,0.1,buy
1498896745,40581452,0.3964,0.1,buy
1498896743,40581446,0.3964,0.1,buy
1498896742,40581443,0.3964,0.1,buy
1498896742,40581442,0.3964,0.1,buy
1498896741,40581441,0.3964,0.1,buy
1498896740,40581440,0.3964,0.1,buy
1498896740,40581438,0.3964,0.1,buy
1498896739,40581437,0.3964,0.1,buy
1498896739,40581435,0.3964,0.1,buy
1498896739,40581433,0.3964,0.1,buy
1498896739,40581432,0.3964,0.1,buy
1498896738,40581431,0.3964,0.1,buy
1498896737,40581430,0.3964,0.1,buy
1498896737,40581429,0.3964,0.1,buy
1498896736,40581428,0.3964,0.1,buy
1498896735,40581426,0.3964,0.1,buy
1498896734,40581425,0.3964,0.1,buy
1498896733,40581424,0.3964,0.1,buy
1498896733,40581423,0.3964,0.1,buy
1498896732,40581422,0.3964,0.1,buy
1498896732,40581421,0.3964,0.1,buy
1498896732,40581420,0.3964,0.1,buy
1498896732,40581419,0.3964,0.1,buy
1498896731,40581418,0.3964,0.1,buy
1498896731,40581417,0.3964,0.1,buy
1498896731,40581416,0.3964,0.1,buy
1498896730,40581415,0.3964,0.1,buy
1498896730,40581414,0.3964,0.1,buy
1498896729,40581413,0.3964,0.1,buy
1498896727,40581412,0.3964,0.1,buy
1498896727,40581411,0.3964,0.1,buy
1498896726,40581410,0.3964,0.1,buy
1498896725,40581408,0.3964,0.1,buy
1498896724,40581407,0.3964,0.1,buy
1498896723,40581406,0.3964,0.1,buy
1498896722,40581405,0.3964,0.1,buy
1498896722,40581403,0.3964,0.1,buy
1498896721,40581402,0.3964,0.1,buy
1498896720,40581401,0.3964,0.1,buy
1498896719,40581400,0.3964,0.1,buy
1498896719,40581399,0.3964,0.1,buy
1498896718,40581398,0.3964,0.1,buy
1498896718,40581397,0.3964,0.1,buy
1498896717,40581395,0.3964,0.1,buy
1498896717,40581394,0.3964,0.1,buy
1498896716,40581393,0.3964,0.1,buy
1498896716,40581392,0.3964,0.1,buy
1498896716,40581391,0.3964,0.1,buy
1498896715,40581386,0.3964,0.1,buy
